2656 4448
124 191 165 250 50
510 193 681 246 CARMINUM
700 196 730 247 lii
749 202 771 249 1.
791 199 813 249 2.

180 379 208 428 25
254 367 473 428 Desiderantem
490 367 568 445 quod
583 368 654 428 satis
670 377 713 428 est
730 387 826 448 neque

251 451 478 513 Tumultuosum
494 451 630 512 sollicitat
646 471 724 512 mare

299 538 360 597 Nec
375 555 476 597 saevus
491 537 609 597 Arcturi
625 537 756 597 cadentis

350 621 481 700 Impetus
496 630 548 682 aut
563 622 686 683 orientis
702 622 802 696 Haedi,

253 742 319 801 Non
335 739 502 799 verberatae
519 740 663 817 grandine
677 740 780 799 vineae

180 838 209 887 30
254 823 433 902 Fundusque
449 825 583 895 mendax,
599 825 704 884 arbore
721 842 802 884 nunc
817 842 907 903 aquas

301 908 453 986 Culpante‚
472 927 552 968 nunc
567 908 709 968 torrentia
727 927 812 986 agros

351 994 463 1065 Sidera,
481 1012 561 1053 nunc
577 993 687 1054 hiemes
703 993 827 1070 iniquas.

254 1112 408 1174 Contracta
424 1111 520 1188 pisces
534 1128 662 1187 aequora
678 1111 812 1171 sentiunt

255 1197 340 1257 lactis
355 1197 385 1255 in
403 1196 492 1255 altum
508 1195 648 1255 motibus:
665 1196 723 1255 huc
738 1198 878 1273 frequens

182 1295 210 1344 35
296 1281 452 1342 Caementa
468 1280 594 1340 demittit
609 1279 778 1358 redemptor

352 1367 423 1425 Cum
440 1364 555 1424 famulis
572 1365 770 1442 dominusque
786 1374 881 1426 terrae

255 1483 449 1556 Fastidiosus3
465 1483 517 1542 sed
532 1482 634 1542 Timor
648 1492 677 1543 et
694 1482 789 1544 Minae

253 1570 407 1630 Scandnnt
422 1568 535 1639 eodem,
552 1586 611 1645 qno
627 1566 774 1640 dominus,
791 1586 887 1646 neque

300 1654 421 1714 Decedit
436 1662 533 1713 aerata
549 1652 661 1712 triremi
677 1662 706 1712 et

182 1751 211 1800 40
352 1739 419 1798 Post
435 1738 561 1814 equitem
578 1736 659 1796 sedet
675 1749 735 1797 atra
753 1738 836 1798 Cura.
863 1771 902 1780 -

254 1857 365 1928 Quodsi
381 1856 528 1915 dolentem
546 1873 601 1914 nec
616 1855 761 1934 Phrygius
777 1856 850 1935 lapis

254 1943 314 2002 Nec
330 1957 529 2019 purpurarum
545 1940 640 2000 sidere
656 1940 762 1999 clarior

301 2025 420 2086 Delenit
436 2044 505 2085 usus
521 2043 576 2084 nec
592 2024 715 2084 Falerna

352 2109 423 2170 Vitis
438 2110 727 2186 Achaemeniumque
742 2121 865 2182 costum,

187 2239 216 2289 45
260 2228 318 2288 Cur
332 2228 496 2288 invidendis
514 2228 648 2305 postibus
664 2238 693 2286 et
711 2246 784 2287 novo

258 2312 390 2372 Sublime
406 2313 463 2372 ritu
480 2313 584 2372 moliar
599 2310 726 2372 atrium?

303 2397 361 2457 Cur
376 2397 450 2457 valle
465 2405 630 2477 permutem
647 2395 755 2456 Sabina

355 2482 471 2542 Divitias
487 2477 697 2559 operosiores?

650 2733 675 2793 ll

255 2854 415 2929 Angustam
432 2852 524 2911 amice
541 2852 710 2930 pauperiem
727 2852 785 2930 pati

255 2935 404 2996 Robustus
420 2936 479 2996 acri
496 2936 595 2996 militia
612 2956 686 3015 puer

303 3020 460 3094 Gondiscat
474 3029 503 3081 ct
518 3021 642 3081 Parthos
658 3021 764 3082 ferocis
798 3019 800 3023 ’

356 3105 443 3165 Vexat
459 3124 549 3183 eques
565 3108 742 3166 metuendus
756 3106 835 3166 hasta

199 3234 213 3282 5
258 3222 411 3300 Vitamque
427 3222 482 3282 sub
498 3224 563 3283 divo
580 3233 609 3282 et
623 3225 745 3300 trepidis
760 3234 826 3302 agat

257 3308 290 3366 ln
309 3307 407 3368 rebus.
438 3308 523 3369 iilum
539 3326 574 3368 ex
590 3308 746 3368 moenibus
762 3309 882 3369 hosticis

304 3392 437 3452 Matrona
453 3392 589 3452 bellantis
605 3392 721 3471 tyranni

356 3477 542 3556 Prospiciens
558 3486 587 3537 et
601 3476 699 3536 adulta
717 3477 799 3554 virgo

129 3611 332 3621 ———

214 3727 223 3778 Ι
242 3745 264 3779 u.
284 3731 316 3780 39
333 3745 372 3792 aq.
391 3734 417 3778 et
436 3731 502 3794 post]
521 3732 568 3790 tv):
588 3734 648 3792 post
667 3745 680 3777 a
700 3733 810 3794 postque
828 3731 895 3778 cont,
914 3729 999 3779 Beati.

216 3795 235 3846 11
253 3813 276 3847 υ.
298 3800 308 3848 1
330 3796 404 3846 amici
423 3794 468 3858 (ef.
488 3799 567 3846 inser.
586 3795 618 3846 ad
641 3796 736 3847 amicos
761 3802 786 3846 et
809 3795 840 3846 de
863 3795 1024 3848 institutione
1049 3797 1080 3847 ad
1105 3799 1204 3852 amicos

130 3863 243 3930 loquitur
262 3868 319 3928 ete.)
337 3867 373 3927 (v)
