2656 4448
504 198 675 252 GARMlNUlll
693 199 713 251 ll
732 204 772 255 10.
793 206 833 255 ll.

262 372 385 451 Saepius
400 373 495 433 ventis
510 373 636 450 agitatur
650 374 758 452 ingens

193 466 221 516 lt
268 458 358 519 Pinus
374 467 403 518 et
417 457 510 518 celsae
525 459 658 534 graviore
673 478 743 519 casu

263 544 410 603 llecidunt
424 552 522 604 turres
538 543 708 622 feriuntque
724 563 854 606 summos

337 627 466 707 Fulgura
482 627 601 689 rnontis.

263 745 368 824 Sperat
384 746 508 817 infestis,
524 746 627 806 metuit
642 747 780 809 secundis

263 831 391 891 Alteram
407 840 516 891 sortem
533 830 609 892 bene
624 841 830 910 praeparatum

191 925 218 974 15
265 916 380 978 Pectus.
411 915 551 976 Informis
564 916 675 977 hiemes
691 918 806 978 reducit

337 1001 481 1080 luppiter,
497 1001 574 1060 idem

261 1117 436 1195 Submovet3
454 1138 526 1192 non,
542 1119 565 1179 si
582 1119 657 1180 male
674 1139 763 1193 nunc,
781 1130 810 1180 et
825 1120 895 1180 olim

260 1201 309 1263 Sic
325 1205 395 1264 erit:
413 1204 562 1283 quondam
578 1205 688 1264 cithara
705 1214 852 1266 tacentem

261 1287 389 1349 Suscitat
405 1289 515 1349 Musam
533 1307 631 1366 neque
646 1309 762 1369 semper
778 1309 878 1351 arcum

188 1380 216 1431 20
336 1373 444 1434 Tendit
458 1373 572 1452 Apollo.
591 1411 632 1419 -

262 1491 362 1553 Rebus
377 1493 510 1570 angustis
525 1491 676 1552 animosus
692 1501 779 1571 atque

261 1576 357 1638 Fortis
373 1595 491 1656 appare,
508 1577 657 1655 sapienter
672 1577 749 1637 idem

263 1662 424 1723 Contrahes
440 1662 668 1722 ventonimium
683 1662 814 1723 secundo

315 1758 320 1769 ·
340 1747 469 1827 Turgida
485 1748 556 1807 vela.

649 1999 688 2058 xl

259 2116 336 2187 Ouid
352 2117 509 2178 bellicosus
525 2117 670 2179 Cantaber
686 2126 715 2178 et
731 2117 862 2198 Scythes,

259 2201 383 2280 Hirpine
400 2203 531 2275 Quincti,
547 2203 656 2281 cogitet
671 2204 778 2263 Hadria

299 2287 414 2348 [livisus
431 2287 555 2362 obiecto,
573 2289 704 2350 remittas

353 2373 504 2444 Quaerere
520 2392 576 2434 nec
591 2374 720 2453 trepides
735 2374 765 2434 in
784 2392 868 2434 usum

198 2501 213 2549 5
258 2491 411 2552 Poscentis
426 2492 488 2552 aevi
503 2511 613 2571 pauca:
631 2494 705 2572 sugit
720 2501 800 2553 retro

258 2575 342 2637 Levis
358 2577 491 2638 iuventas
506 2588 536 2638 et
551 2579 652 2652 decor,
668 2579 748 2639 arida

299 2662 431 2723 Pellente
447 2663 570 2725 lascivos
586 2682 700 2724 amores

352 2748 464 2809 Canitie
480 2749 653 2828 facilemque
670 2766 818 2809 somnum.
837 2782 878 2790 -

254 2866 320 2926 Non
336 2886 454 2945 semper
468 2868 544 2928 idem
560 2867 684 2928 floribus
700 2877 745 2928 est
759 2866 857 2925 honor

182 2960 211 3010 10
255 2951 360 3011 Vernis
376 2970 473 3029 neque
488 2971 549 3012 uno
565 2953 635 3013 luna
651 2952 762 3013 rubens
779 2949 854 3009 nitet

300 3035 402 3095 Voltu:
420 3037 490 3114 quid
506 3039 635 3098 aeternis
651 3038 797 3098 minorem

352 3119 488 3180 Consiliis
503 3122 633 3181 animum
651 3118 775 3201 fatigas?

257 3237 316 3298 Cur
331 3257 391 3298 non
408 3237 463 3299 sub
479 3239 535 3299 alta
551 3239 594 3299 vel
609 3239 727 3318 platano
743 3240 787 3301 vel
801 3239 857 3299 hac

256 3322 331 3383 Pinu
347 3323 476 3384 iacentes
490 3325 533 3384 sic
547 3333 658 3384 temere
673 3334 701 3385 et
716 3344 783 3388 rosa

187 3415 215 3465 15
301 3407 397 3468 Canos
413 3409 527 3469 odorati
544 3408 673 3488 capillos,

353 3494 429 3553 llum
445 3493 523 3567 licet,
540 3494 716 3574 Assyriaque
732 3498 825 3558 nardo

127 3628 330 3636 ——-—-—-

211 3740 233 3791 Χ
251 3759 275 3792 υ.
294 3747 309 3798 9
328 3744 429 3796 saeuius
453 3745 507 3808 (υ).ρ
528 3745 568 3797 ad.
587 3745 744 3814 Ilotlmmag.
763 3765 787 3800 α.
808 3752 886 3808 1701;
905 3749 1077 3799 Burmannus
1095 3750 1132 3800 ad
1151 3751 1199 3806 Oc.

123 3808 185 3859 Her.
203 3808 273 3861 XIV
286 3811 320 3863 39
336 3812 340 3878 Ι
357 3814 388 3865 18
407 3812 520 3863 citharae
538 3811 575 3880 (υ)

210 3876 244 3928 Xl
262 3895 285 3931 v.
306 3882 336 3932 16
355 3880 506 3946 assyrioque
524 3883 560 3945 (v)
