2656 4448
483 249 524 302 ΒΕ
542 249 630 301 ARTE
648 248 794 302 POETlGA.
822 279 826 286 ·
1111 244 1171 304 237

190 426 228 486 Εῑ
249 424 341 504 patris
364 432 393 484 et
416 431 534 484 nostras
557 441 730 501 nonumque
752 431 905 503 prematur
927 423 957 482 in
981 438 1093 481 annum

192 508 369 571 Membranis
392 509 472 569 intus
495 508 613 588 positis;
636 507 734 568 delere
757 507 857 569 licebit

191 593 277 666 Quod
301 613 360 654 non
386 593 526 654 edideris:
550 593 646 653 nescit
668 611 722 653 vox
744 594 832 655 missa
855 591 971 653 reverti.
994 625 1035 636 -
1132 599 1175 650 390

192 679 337 740 Silvestris
359 679 495 740 homines
517 696 600 739 sacer
622 679 829 757 interpresque
852 678 975 738 deorum

191 764 334 826 Caedibus
356 773 385 824 et
406 765 485 824 victu
508 762 594 823 foedo
616 762 759 824 deterruit
783 763 928 842 Orpheus,

192 851 291 910 Dictus
313 849 351 909 ob
373 850 431 909 boc
454 848 546 908 lenire
569 847 652 926 tigris
674 848 851 926 rabidosque
873 848 990 921 leones3

192 936 291 995 Dictus
314 942 343 994 et
365 934 522 1012 Amphion,
545 932 703 994 Thebanae
725 933 863 994 conditor
885 932 975 1005 urbis,

190 1020 263 1081 Saxa
285 1038 404 1080 movere
425 1037 500 1080 sono
522 1018 678 1079 testudinis
700 1029 729 1079 et
752 1037 841 1098 prece
863 1017 968 1078 blanda

192 1105 306 1165 Ducere
328 1122 387 1183 quo
409 1103 506 1163 vellet.
551 1102 618 1163 Fuit
639 1103 711 1165 hacc
734 1103 877 1183 sapientia
899 1101 1058 1182 quondam,

191 1189 309 1250 Publica
331 1189 451 1268 privatis
473 1206 637 1260 secernere,
661 1206 742 1249 sacra
765 1189 908 1268 profanis,

191 1273 357 1336 Concubitu
380 1273 539 1353 probibere
561 1291 643 1350 vago,
666 1273 735 1334 darc
757 1275 821 1334 iura
844 1273 965 1346 maritis,

192 1357 306 1439 Oppida
329 1358 436 1432 moliri,
459 1358 539 1437 leges
561 1358 693 1419 incidere
715 1359 811 1437 ligno:

191 1445 240 1505 Sic
262 1444 361 1504 bonor
383 1453 412 1504 et
434 1462 543 1503 nomen
567 1442 672 1505 divinis
692 1445 806 1504 ratibus
828 1453 916 1522 atque

190 1527 375 1590 Carminibus
396 1528 485 1589 venit.
531 1528 601 1590 Post
622 1529 677 1590 hos
699 1529 824 1607 insignis
846 1529 994 1588 Homerus

190 1615 393 1695 Tyrtaeusque
416 1613 504 1674 maris
526 1613 640 1674 animos
662 1615 692 1674 in
716 1613 817 1674 Martia
840 1612 915 1674 bella

190 1698 331 1760 Versibus
353 1699 482 1773 exacuit;
506 1698 600 1759 dictae
623 1718 676 1778 per
698 1700 827 1759 carmina
850 1705 955 1759 sortes.

190 1784 227 1844 Et
247 1783 322 1843 ritae
345 1792 506 1844 monstrata
529 1784 573 1844 via
595 1793 639 1845 est
661 1795 691 1844 et
713 1785 805 1863 gratia
827 1802 931 1863 regum

191 1868 294 1929 Pieriis
316 1876 456 1949 temptata
479 1869 575 1930 modis
597 1869 742 1948 ludusque
765 1879 901 1948 repertus

191 1954 228 2014 Et
249 1954 408 2032 longorum
432 1972 554 2032 operum
578 1955 662 2015 linis:
687 1974 724 2015 ne
748 1955 822 2015 sorte
844 1954 950 2034 pudori

191 2039 235 2099 Sit
255 2038 308 2098 tibi
332 2038 413 2100 Musa
436 2039 516 2119 lyrae
539 2040 643 2101 sollers
665 2048 695 2100 ct
717 2049 822 2101 cantor
844 2039 959 2118 Apollo.
982 2070 1022 2081 -
1100 2118 1104 2123 Ι

190 2124 299 2184 Natura
322 2125 407 2184 fieret
428 2124 572 2186 laudabile
596 2143 715 2186 carmen
739 2143 775 2185 an
799 2133 870 2198 arte,

191 2208 361 2279 Quaesitum
385 2217 445 2283 est;
468 2228 523 2289 ego
547 2229 603 2271 nec
625 2211 754 2271 studium
777 2211 842 2272 sine
864 2209 951 2271 divite
974 2224 1047 2269 vena

190 2293 252 2353 Nec
273 2293 347 2354 rude
370 2295 439 2372 quid
462 2296 557 2373 prosit
577 2294 660 2356 video
684 2296 852 2373 ingenium
875 2295 995 2356 alterius
1017 2294 1059 2355 sic
1134 2299 1177 2351 410

191 2378 288 2438 Altera
312 2378 408 2456 poscit
431 2397 516 2457 opem
539 2397 587 2440 res
611 2389 639 2439 et
661 2381 797 2441 coniurat
820 2381 921 2440 amice.

192 2463 248 2533 Oui
271 2461 369 2523 studet
391 2471 520 2540 optatam
544 2481 632 2524 cursu
656 2464 830 2543 contingere
853 2473 971 2535 metam,

191 2547 280 2607 Multa
302 2547 368 2607 tulit
390 2547 517 2625 lecitque
539 2566 623 2626 puer,
645 2547 759 2608 sudavit
780 2558 809 2608 et
830 2548 903 2621 alsit,

191 2631 339 2692 Abstinuit
360 2631 476 2692 Venere
499 2641 528 2692 et
549 2632 633 2706 vin0;
657 2635 707 2711 qui
729 2633 831 2714 Pythia
854 2643 951 2693 cantat

191 2716 324 2786 Tibicen,
347 2716 448 2777 didicit
469 2717 553 2795 prius
575 2719 768 2797 extimuitque
790 2719 970 2797 magistrum.
1133 2725 1177 2776 415

191 2803 277 2862 Nunc
299 2801 368 2862 satis
391 2809 435 2862 est
457 2802 564 2863 dixisse
582 2796 651 2881 ‘ego
675 2804 748 2864 mira
771 2811 904 2882 poemata
927 2820 1041 2883 pang03

193 2885 327 2965 Occupet
347 2895 510 2947 extremum
533 2887 661 2964 scabies;
683 2889 755 2948 mihi
777 2897 864 2968 turpe
887 2888 1015 2966 relinqui
1038 2896 1091 2962 est,

191 2970 229 3031 Et
251 2971 329 3050 quod
353 2991 413 3032 non
437 2972 524 3033 didici
546 2992 617 3034 sane
641 2974 755 3035 nescire
777 2967 879 3034 lateri?

190 3055 229 3116 Ut
250 3074 368 3135 praeco,
392 3058 426 3118 ad
450 3057 558 3118 mercis
579 3057 695 3119 turbam
719 3059 769 3137 qui
792 3060 871 3138 cogit
893 3057 1041 3130 emendas,

191 3141 400 3203 Adsentatores
422 3141 504 3203 iubet
526 3143 561 3202 ad
584 3143 700 3204 lucrum
722 3145 765 3204 ire
788 3152 872 3224 poeta
1132 3151 1177 3202 420

191 3225 277 3286 Dives
299 3227 386 3306 agris,
408 3226 488 3288 dives
510 3228 614 3305 positis
635 3229 666 3290 in
689 3231 810 3290 faenore
834 3227 971 3290 nummis.

192 3310 221 3370 Si
243 3329 313 3371 vero
337 3319 391 3385 est,
415 3320 537 3372 unctum
561 3314 610 3391 qui
633 3324 713 3375 recte
736 3333 849 3393 ponere
872 3314 965 3394 possit

191 3394 229 3455 Et
250 3396 398 3474 spondere
420 3396 475 3457 levi
497 3416 552 3477 pro
576 3412 705 3478 paupere
728 3408 758 3461 et
780 3400 894 3478 eripere
917 3399 987 3460 atris

192 3479 307 3541 bitibus
330 3482 516 3561 implicitum,
539 3483 677 3558 mirabor,
699 3485 723 3546 si
746 3485 819 3546 sciet
840 3486 918 3546 inter

190 3564 318 3627 Noscere
341 3567 515 3627 mendacem
536 3587 698 3648 rerumque
720 3570 823 3631 beatus
844 3570 979 3630 amicum.
1132 3575 1175 3626 425

190 3650 235 3710 Tu
257 3669 308 3712 seu
332 3652 451 3714 donaris
473 3671 526 3713 seu
548 3654 618 3732 quid
642 3653 752 3715 donare
774 3655 854 3716 voles
876 3654 934 3729 cui,

190 3885 214 3919 v.
234 3870 283 3921 393
300 3869 455 3938 rapidosque
482 3873 486 3932 Ι
513 3873 564 3925 394
591 3873 655 3925 arcis
680 3874 716 3938 (v)
743 3872 747 3939 Ι
774 3875 822 3925 407
853 3872 907 3940 lyra
935 3872 1003 3925 lc.
1029 3871 1141 3922 labaim
1167 3867 1172 3939 Ι

103 3937 155 3988 410
173 3937 256 4002 possit
272 3938 307 4002 (v)
325 3939 410 3993 Beati.
427 3938 430 4006 Ι
447 3942 497 3994 416
515 3955 563 3992 nec
581 3941 806 4007 (alBeatl.1423
824 3941 886 3993 artis
904 3942 939 4007 (o)
957 3939 1044 3993 Bantl.
