<?xml version="1.0" encoding="UTF-8"?>
<!DOCTYPE html PUBLIC "-//W3C//DTD XHTML 1.0 Transitional//EN"
    "http://www.w3.org/TR/xhtml1/DTD/xhtml1-transitional.dtd">
<html xmlns="http://www.w3.org/1999/xhtml" xml:lang="en" lang="en">
 <head>
  <title>
</title>
<meta http-equiv="Content-Type" content="text/html;charset=utf-8" />
  <meta name='ocr-system' content='tesseract 3.04.00' />
  <meta name='ocr-capabilities' content='ocr_page ocr_carea ocr_par ocr_line ocrx_word'/>
</head>
<body>
  <div class='ocr_page' id='page_1' title='image "./qhoratiiflaccic02hertgoog_0031.png"; bbox 0 0 2656 4448; ppageno 0'>
   <div class='ocr_carea' id='block_1_1' title="bbox 505 201 821 256">
    <p class='ocr_par' dir='ltr' id='par_1_1' title="bbox 505 201 821 256">
     <span class='ocr_line' id='line_1_1' title="bbox 505 201 821 256; baseline 0.006 -2"><span class='ocrx_word' id='word_1_1' title='bbox 505 201 677 255; x_wconf 83' lang='lat' dir='ltr'>CARbllNUM</span> <span class='ocrx_word' id='word_1_2' title='bbox 696 204 706 255; x_wconf 97' lang='lat' dir='ltr'>l</span> <span class='ocrx_word' id='word_1_3' title='bbox 725 206 766 255; x_wconf 76' lang='lat'>24.</span> <span class='ocrx_word' id='word_1_4' title='bbox 779 207 821 256; x_wconf 84' lang='lat'>25.</span> 
     </span>
    </p>
   </div>
   <div class='ocr_carea' id='block_1_2' title="bbox 619 372 708 432">
    <p class='ocr_par' dir='ltr' id='par_1_2' title="bbox 619 372 708 432">
     <span class='ocr_line' id='line_1_2' title="bbox 619 372 708 432; baseline -0.011 -1"><span class='ocrx_word' id='word_1_5' title='bbox 619 372 708 432; x_wconf 86' lang='lat' dir='ltr'>XlllV</span> 
     </span>
    </p>
   </div>
   <div class='ocr_carea' id='block_1_3' title="bbox 255 490 907 806">
    <p class='ocr_par' dir='ltr' id='par_1_3' title="bbox 256 490 837 568">
     <span class='ocr_line' id='line_1_3' title="bbox 256 490 837 568; baseline 0.003 -17"><span class='ocrx_word' id='word_1_6' title='bbox 256 490 329 561; x_wconf 92' lang='lat' dir='ltr'>Quis</span> <span class='ocrx_word' id='word_1_7' title='bbox 344 490 491 551; x_wconf 90' lang='lat' dir='ltr'>desiderio</span> <span class='ocrx_word' id='word_1_8' title='bbox 503 490 541 550; x_wconf 88' lang='lat' dir='ltr'>sit</span> <span class='ocrx_word' id='word_1_9' title='bbox 556 490 653 568; x_wconf 94' lang='lat' dir='ltr'>pudor</span> <span class='ocrx_word' id='word_1_10' title='bbox 668 501 718 552; x_wconf 91' lang='lat' dir='ltr'>aut</span> <span class='ocrx_word' id='word_1_11' title='bbox 732 493 837 554; x_wconf 91' lang='lat' dir='ltr'>modus</span> 
     </span>
    </p>

    <p class='ocr_par' dir='ltr' id='par_1_4' title="bbox 255 573 848 656">
     <span class='ocr_line' id='line_1_4' title="bbox 255 573 848 656; baseline 0.005 -21"><span class='ocrx_word' id='word_1_12' title='bbox 255 575 327 635; x_wconf 91' lang='lat' dir='ltr'>Tam</span> <span class='ocrx_word' id='word_1_13' title='bbox 343 575 404 635; x_wconf 88' lang='lat' dir='ltr'>cari</span> <span class='ocrx_word' id='word_1_14' title='bbox 421 573 546 653; x_wconf 77' lang='lat' dir='ltr'>capitis?</span> <span class='ocrx_word' id='word_1_15' title='bbox 561 577 700 656; x_wconf 85' lang='lat' dir='ltr'>praecipe</span> <span class='ocrx_word' id='word_1_16' title='bbox 715 577 848 655; x_wconf 91' lang='lat' dir='ltr'>lugubris</span> 
     </span>
    </p>

    <p class='ocr_par' dir='ltr' id='par_1_5' title="bbox 256 659 907 806">
     <span class='ocr_line' id='line_1_5' title="bbox 256 659 907 741; baseline 0 -19"><span class='ocrx_word' id='word_1_17' title='bbox 256 660 375 734; x_wconf 83' lang='lat' dir='ltr'>Cantus,</span> <span class='ocrx_word' id='word_1_18' title='bbox 391 659 585 738; x_wconf 80' lang='lat' dir='ltr'>Melpomene,</span> <span class='ocrx_word' id='word_1_19' title='bbox 604 661 652 721; x_wconf 87' lang='lat' dir='ltr'>cui</span> <span class='ocrx_word' id='word_1_20' title='bbox 667 660 806 739; x_wconf 89' lang='lat' dir='ltr'>liquidam</span> <span class='ocrx_word' id='word_1_21' title='bbox 822 672 907 741; x_wconf 85' lang='lat' dir='ltr'>pater</span> 
     </span>
     <span class='ocr_line' id='line_1_6' title="bbox 333 744 755 806; baseline 0.009 -4"><span class='ocrx_word' id='word_1_22' title='bbox 333 744 440 805; x_wconf 85' lang='lat' dir='ltr'>Vocem</span> <span class='ocrx_word' id='word_1_23' title='bbox 456 763 524 805; x_wconf 91' lang='lat' dir='ltr'>cum</span> <span class='ocrx_word' id='word_1_24' title='bbox 540 745 651 805; x_wconf 90' lang='lat' dir='ltr'>cithara</span> <span class='ocrx_word' id='word_1_25' title='bbox 667 745 755 806; x_wconf 86' lang='lat' dir='ltr'>dedit.</span> 
     </span>
    </p>
   </div>
   <div class='ocr_carea' id='block_1_4' title="bbox 256 861 865 1196">
    <p class='ocr_par' dir='ltr' id='par_1_6' title="bbox 256 861 811 943">
     <span class='ocr_line' id='line_1_7' title="bbox 256 861 811 943; baseline 0.007 -22"><span class='ocrx_word' id='word_1_26' title='bbox 256 862 334 939; x_wconf 88' lang='lat' dir='ltr'>Ergo</span> <span class='ocrx_word' id='word_1_27' title='bbox 351 861 526 933; x_wconf 76' lang='lat' dir='ltr'><strong>Quintilium</strong></span> <span class='ocrx_word' id='word_1_28' title='bbox 543 873 705 942; x_wconf 84' lang='lat' dir='ltr'>perpetuus</span> <span class='ocrx_word' id='word_1_29' title='bbox 720 883 811 943; x_wconf 92' lang='lat' dir='ltr'>sopor</span> 
     </span>
    </p>

    <p class='ocr_par' dir='ltr' id='par_1_7' title="bbox 258 945 865 1024">
     <span class='ocr_line' id='line_1_8' title="bbox 258 945 865 1024; baseline 0.002 -17"><span class='ocrx_word' id='word_1_30' title='bbox 258 945 371 1024; x_wconf 87' lang='lat' dir='ltr'>Urget‘l</span> <span class='ocrx_word' id='word_1_31' title='bbox 402 947 448 1007; x_wconf 94' lang='lat' dir='ltr'>cui</span> <span class='ocrx_word' id='word_1_32' title='bbox 463 947 563 1007; x_wconf 90' lang='lat' dir='ltr'>Pudor</span> <span class='ocrx_word' id='word_1_33' title='bbox 579 957 609 1007; x_wconf 89' lang='lat' dir='ltr'>et</span> <span class='ocrx_word' id='word_1_34' title='bbox 623 947 755 1009; x_wconf 87' lang='lat' dir='ltr'>Iustitiae</span> <span class='ocrx_word' id='word_1_35' title='bbox 769 967 865 1022; x_wconf 89' lang='lat' dir='ltr'>soror,</span> 
     </span>
    </p>

    <p class='ocr_par' dir='ltr' id='par_1_8' title="bbox 259 1031 853 1196">
     <span class='ocr_line' id='line_1_9' title="bbox 259 1031 831 1112; baseline 0.007 -22"><span class='ocrx_word' id='word_1_36' title='bbox 259 1031 437 1112; x_wconf 86' lang='lat' dir='ltr'>Incorrupta</span> <span class='ocrx_word' id='word_1_37' title='bbox 453 1031 548 1105; x_wconf 82' lang='lat' dir='ltr'>Fides,</span> <span class='ocrx_word' id='word_1_38' title='bbox 566 1033 703 1111; x_wconf 90' lang='lat' dir='ltr'>nudaque</span> <span class='ocrx_word' id='word_1_39' title='bbox 720 1033 831 1094; x_wconf 87' lang='lat' dir='ltr'>Veritas</span> 
     </span>
     <span class='ocr_line' id='line_1_10' title="bbox 333 1115 853 1196; baseline 0.004 -20"><span class='ocrx_word' id='word_1_40' title='bbox 333 1116 459 1188; x_wconf 92' lang='lat' dir='ltr'>Quando</span> <span class='ocrx_word' id='word_1_41' title='bbox 476 1117 568 1177; x_wconf 93' lang='lat' dir='ltr'>ullum</span> <span class='ocrx_word' id='word_1_42' title='bbox 584 1117 715 1177; x_wconf 82' lang='lat' dir='ltr'>inveniet</span> <span class='ocrx_word' id='word_1_43' title='bbox 729 1115 853 1196; x_wconf 77' lang='lat' dir='ltr'>parem?</span> 
     </span>
    </p>
   </div>
   <div class='ocr_carea' id='block_1_5' title="bbox 258 1232 897 1559">
    <p class='ocr_par' dir='ltr' id='par_1_9' title="bbox 259 1232 779 1306">
     <span class='ocr_line' id='line_1_11' title="bbox 259 1232 779 1306; baseline 0.002 -12"><span class='ocrx_word' id='word_1_44' title='bbox 259 1234 358 1295; x_wconf 86' lang='lat' dir='ltr'>Multis</span> <span class='ocrx_word' id='word_1_45' title='bbox 373 1234 422 1295; x_wconf 92' lang='lat' dir='ltr'>ille</span> <span class='ocrx_word' id='word_1_46' title='bbox 438 1234 526 1295; x_wconf 91' lang='lat' dir='ltr'>bonis</span> <span class='ocrx_word' id='word_1_47' title='bbox 540 1232 647 1295; x_wconf 88' lang='lat' dir='ltr'>llebilis</span> <span class='ocrx_word' id='word_1_48' title='bbox 664 1235 779 1306; x_wconf 90' lang='lat' dir='ltr'>occidit,</span> 
     </span>
    </p>

    <p class='ocr_par' dir='ltr' id='par_1_10' title="bbox 261 1318 802 1398">
     <span class='ocr_line' id='line_1_12' title="bbox 261 1318 802 1398; baseline 0.002 -20"><span class='ocrx_word' id='word_1_49' title='bbox 261 1319 338 1378; x_wconf 86' lang='lat' dir='ltr'><strong>Nulli</strong></span> <span class='ocrx_word' id='word_1_50' title='bbox 354 1319 481 1379; x_wconf 91' lang='lat' dir='ltr'>llebilior</span> <span class='ocrx_word' id='word_1_51' title='bbox 495 1337 583 1397; x_wconf 89' lang='lat' dir='ltr'>quam</span> <span class='ocrx_word' id='word_1_52' title='bbox 599 1318 662 1392; x_wconf 89' lang='lat' dir='ltr'>tibi,</span> <span class='ocrx_word' id='word_1_53' title='bbox 679 1319 802 1398; x_wconf 85' lang='lat' dir='ltr'>Vergili:</span> 
     </span>
    </p>

    <p class='ocr_par' dir='ltr' id='par_1_11' title="bbox 258 1403 897 1559">
     <span class='ocr_line' id='line_1_13' title="bbox 258 1403 897 1483; baseline 0.005 -21"><span class='ocrx_word' id='word_1_54' title='bbox 258 1403 304 1462; x_wconf 87' lang='lat' dir='ltr'>Tu</span> <span class='ocrx_word' id='word_1_55' title='bbox 319 1404 429 1464; x_wconf 84' lang='lat' dir='ltr'>frustra</span> <span class='ocrx_word' id='word_1_56' title='bbox 444 1404 520 1483; x_wconf 91' lang='lat' dir='ltr'>pius,</span> <span class='ocrx_word' id='word_1_57' title='bbox 536 1405 603 1477; x_wconf 92' lang='lat' dir='ltr'>beu,</span> <span class='ocrx_word' id='word_1_58' title='bbox 621 1423 681 1464; x_wconf 93' lang='lat' dir='ltr'>non</span> <span class='ocrx_word' id='word_1_59' title='bbox 698 1405 737 1465; x_wconf 95' lang='lat' dir='ltr'>ita</span> <span class='ocrx_word' id='word_1_60' title='bbox 753 1405 897 1466; x_wconf 87' lang='lat' dir='ltr'>creditum</span> 
     </span>
     <span class='ocr_line' id='line_1_14' title="bbox 334 1488 728 1559; baseline -0.003 -10"><span class='ocrx_word' id='word_1_61' title='bbox 334 1489 437 1550; x_wconf 89' lang='lat' dir='ltr'>Poscis</span> <span class='ocrx_word' id='word_1_62' title='bbox 453 1488 630 1559; x_wconf 85' lang='lat' dir='ltr'><strong>Quintilium</strong></span> <span class='ocrx_word' id='word_1_63' title='bbox 647 1490 728 1550; x_wconf 89' lang='lat' dir='ltr'>deos.</span> 
     </span>
    </p>
   </div>
   <div class='ocr_carea' id='block_1_6' title="bbox 162 1605 858 1938">
    <p class='ocr_par' dir='ltr' id='par_1_12' title="bbox 162 1605 858 1938">
     <span class='ocr_line' id='line_1_15' title="bbox 259 1605 817 1687; baseline -0.004 -18"><span class='ocrx_word' id='word_1_64' title='bbox 259 1608 336 1679; x_wconf 92' lang='lat' dir='ltr'><strong>Quid</strong></span> <span class='ocrx_word' id='word_1_65' title='bbox 351 1608 375 1669; x_wconf 93' lang='lat' dir='ltr'>si</span> <span class='ocrx_word' id='word_1_66' title='bbox 392 1606 529 1667; x_wconf 84' lang='lat' dir='ltr'>Threicio</span> <span class='ocrx_word' id='word_1_67' title='bbox 546 1605 684 1668; x_wconf 83' lang='lat' dir='ltr'>blandius</span> <span class='ocrx_word' id='word_1_68' title='bbox 698 1608 817 1687; x_wconf 87' lang='lat' dir='ltr'>Orpheo</span> 
     </span>
     <span class='ocr_line' id='line_1_16' title="bbox 257 1690 858 1755; baseline -0.003 -1"><span class='ocrx_word' id='word_1_69' title='bbox 257 1694 392 1755; x_wconf 78' lang='lat' dir='ltr'><strong>Auditum</strong></span> <span class='ocrx_word' id='word_1_70' title='bbox 408 1692 563 1752; x_wconf 87' lang='lat' dir='ltr'>moderere</span> <span class='ocrx_word' id='word_1_71' title='bbox 578 1690 734 1752; x_wconf 80' lang='lat' dir='ltr'>arboribus</span> <span class='ocrx_word' id='word_1_72' title='bbox 748 1691 858 1752; x_wconf 78' lang='lat' dir='ltr'>fidem?</span> 
     </span>
     <span class='ocr_line' id='line_1_17' title="bbox 162 1776 837 1854; baseline -0.003 -15"><span class='ocrx_word' id='word_1_73' title='bbox 162 1805 165 1812; x_wconf 92' lang='lat'>·</span> <span class='ocrx_word' id='word_1_74' title='bbox 258 1779 333 1839; x_wconf 92' lang='lat' dir='ltr'>Num</span> <span class='ocrx_word' id='word_1_75' title='bbox 349 1795 442 1837; x_wconf 86' lang='lat' dir='ltr'>vanae</span> <span class='ocrx_word' id='word_1_76' title='bbox 457 1777 559 1836; x_wconf 89' lang='lat' dir='ltr'>redeat</span> <span class='ocrx_word' id='word_1_77' title='bbox 573 1776 693 1853; x_wconf 91' lang='lat' dir='ltr'>sanguis</span> <span class='ocrx_word' id='word_1_78' title='bbox 708 1777 837 1854; x_wconf 81' lang='lat' dir='ltr'>imagini,</span> 
     </span>
     <span class='ocr_line' id='line_1_18' title="bbox 336 1860 778 1938; baseline 0 -17"><span class='ocrx_word' id='word_1_79' title='bbox 336 1861 429 1933; x_wconf 90' lang='lat' dir='ltr'>Quam</span> <span class='ocrx_word' id='word_1_80' title='bbox 445 1861 526 1938; x_wconf 87' lang='lat' dir='ltr'>virga</span> <span class='ocrx_word' id='word_1_81' title='bbox 541 1860 633 1921; x_wconf 90' lang='lat' dir='ltr'>semel</span> <span class='ocrx_word' id='word_1_82' title='bbox 649 1861 778 1933; x_wconf 88' lang='lat' dir='ltr'>horrida,</span> 
     </span>
    </p>
   </div>
   <div class='ocr_carea' id='block_1_7' title="bbox 152 1977 841 2310">
    <p class='ocr_par' dir='ltr' id='par_1_13' title="bbox 152 1977 841 2310">
     <span class='ocr_line' id='line_1_19' title="bbox 259 1977 822 2057; baseline 0.004 -18"><span class='ocrx_word' id='word_1_83' title='bbox 259 1980 326 2039; x_wconf 92' lang='lat' dir='ltr'>Non</span> <span class='ocrx_word' id='word_1_84' title='bbox 342 1979 418 2038; x_wconf 92' lang='lat' dir='ltr'>leuis</span> <span class='ocrx_word' id='word_1_85' title='bbox 432 1977 571 2057; x_wconf 88' lang='lat' dir='ltr'>precibus</span> <span class='ocrx_word' id='word_1_86' title='bbox 587 1979 645 2038; x_wconf 89' lang='lat' dir='ltr'>lata</span> <span class='ocrx_word' id='word_1_87' title='bbox 661 1979 822 2053; x_wconf 79' lang='lat' dir='ltr'>recludere,</span> 
     </span>
     <span class='ocr_line' id='line_1_20' title="bbox 259 2062 841 2143; baseline 0.005 -21"><span class='ocrx_word' id='word_1_88' title='bbox 259 2063 350 2142; x_wconf 90' lang='lat' dir='ltr'>Nigro</span> <span class='ocrx_word' id='word_1_89' title='bbox 367 2063 544 2142; x_wconf 88' lang='lat' dir='ltr'>compulerit</span> <span class='ocrx_word' id='word_1_90' title='bbox 559 2063 722 2125; x_wconf 88' lang='lat' dir='ltr'>Mercurius</span> <span class='ocrx_word' id='word_1_91' title='bbox 737 2062 841 2143; x_wconf 80' lang='lat' dir='ltr'>gregi?</span> 
     </span>
     <span class='ocr_line' id='line_1_21' title="bbox 152 2147 765 2227; baseline 0.002 -20"><span class='ocrx_word' id='word_1_92' title='bbox 152 2192 154 2196; x_wconf 68' lang='lat'>,</span> <span class='ocrx_word' id='word_1_93' title='bbox 260 2147 388 2208; x_wconf 87' lang='lat' dir='ltr'>Durum:</span> <span class='ocrx_word' id='word_1_94' title='bbox 405 2149 456 2208; x_wconf 92' lang='lat' dir='ltr'>sed</span> <span class='ocrx_word' id='word_1_95' title='bbox 472 2147 563 2208; x_wconf 90' lang='lat' dir='ltr'>levius</span> <span class='ocrx_word' id='word_1_96' title='bbox 578 2149 611 2208; x_wconf 88' lang='lat' dir='ltr'>fit</span> <span class='ocrx_word' id='word_1_97' title='bbox 626 2148 765 2227; x_wconf 88' lang='lat' dir='ltr'>patientia</span> 
     </span>
     <span class='ocr_line' id='line_1_22' title="bbox 334 2232 818 2310; baseline 0 -17"><span class='ocrx_word' id='word_1_98' title='bbox 334 2232 484 2310; x_wconf 87' lang='lat' dir='ltr'>Quidquid</span> <span class='ocrx_word' id='word_1_99' title='bbox 501 2233 652 2310; x_wconf 91' lang='lat' dir='ltr'>corrigere</span> <span class='ocrx_word' id='word_1_100' title='bbox 668 2243 712 2294; x_wconf 87' lang='lat' dir='ltr'>est</span> <span class='ocrx_word' id='word_1_101' title='bbox 728 2236 818 2295; x_wconf 89' lang='lat' dir='ltr'>nelas.</span> 
     </span>
    </p>
   </div>
   <div class='ocr_carea' id='block_1_8' title="bbox 631 2518 706 2577">
    <p class='ocr_par' dir='ltr' id='par_1_14' title="bbox 631 2518 706 2577">
     <span class='ocr_line' id='line_1_23' title="bbox 631 2518 706 2577; baseline -0.027 0"><span class='ocrx_word' id='word_1_102' title='bbox 631 2518 706 2577; x_wconf 79' lang='lat' dir='ltr'>XXV</span> 
     </span>
    </p>
   </div>
   <div class='ocr_carea' id='block_1_9' title="bbox 260 2636 827 2969">
    <p class='ocr_par' dir='ltr' id='par_1_15' title="bbox 261 2636 823 2715">
     <span class='ocr_line' id='line_1_24' title="bbox 261 2636 823 2715; baseline -0.004 -17"><span class='ocrx_word' id='word_1_103' title='bbox 261 2637 382 2698; x_wconf 88' lang='lat' dir='ltr'>Parcius</span> <span class='ocrx_word' id='word_1_104' title='bbox 396 2637 511 2698; x_wconf 88' lang='lat' dir='ltr'>iunctas</span> <span class='ocrx_word' id='word_1_105' title='bbox 527 2636 664 2715; x_wconf 88' lang='lat' dir='ltr'>quatiunt</span> <span class='ocrx_word' id='word_1_106' title='bbox 679 2637 823 2697; x_wconf 76' lang='lat' dir='ltr'>fenestras</span> 
     </span>
    </p>

    <p class='ocr_par' dir='ltr' id='par_1_16' title="bbox 260 2721 798 2799">
     <span class='ocr_line' id='line_1_25' title="bbox 260 2721 798 2799; baseline -0.002 -17"><span class='ocrx_word' id='word_1_107' title='bbox 260 2722 389 2783; x_wconf 85' lang='lat' dir='ltr'>lactibus</span> <span class='ocrx_word' id='word_1_108' title='bbox 404 2721 516 2782; x_wconf 88' lang='lat' dir='ltr'>crebris</span> <span class='ocrx_word' id='word_1_109' title='bbox 531 2722 652 2781; x_wconf 82' lang='lat' dir='ltr'>iuvenes</span> <span class='ocrx_word' id='word_1_110' title='bbox 667 2721 798 2799; x_wconf 83' lang='lat' dir='ltr'>protervi</span> 
     </span>
    </p>

    <p class='ocr_par' dir='ltr' id='par_1_17' title="bbox 261 2805 827 2969">
     <span class='ocr_line' id='line_1_26' title="bbox 261 2805 827 2884; baseline -0.002 -17"><span class='ocrx_word' id='word_1_111' title='bbox 261 2808 323 2867; x_wconf 88' lang='lat' dir='ltr'>Nec</span> <span class='ocrx_word' id='word_1_112' title='bbox 337 2805 389 2866; x_wconf 90' lang='lat' dir='ltr'>tibi</span> <span class='ocrx_word' id='word_1_113' title='bbox 406 2825 528 2868; x_wconf 90' lang='lat' dir='ltr'>somnos</span> <span class='ocrx_word' id='word_1_114' title='bbox 542 2805 677 2866; x_wconf 93' lang='lat' dir='ltr'>adimunt</span> <span class='ocrx_word' id='word_1_115' title='bbox 691 2814 827 2884; x_wconf 89' lang='lat' dir='ltr'>amatque</span> 
     </span>
     <span class='ocr_line' id='line_1_27' title="bbox 337 2891 544 2969; baseline 0 -18"><span class='ocrx_word' id='word_1_116' title='bbox 337 2891 428 2952; x_wconf 93' lang='lat' dir='ltr'>lanua</span> <span class='ocrx_word' id='word_1_117' title='bbox 445 2891 544 2969; x_wconf 85' lang='lat' dir='ltr'>brnen,</span> 
     </span>
    </p>
   </div>
   <div class='ocr_carea' id='block_1_10' title="bbox 205 3009 859 3166">
    <p class='ocr_par' dir='ltr' id='par_1_18' title="bbox 205 3009 859 3166">
     <span class='ocr_line' id='line_1_28' title="bbox 205 3009 844 3087; baseline -0.002 -17"><span class='ocrx_word' id='word_1_118' title='bbox 205 3022 220 3070; x_wconf 81' lang='lat'><strong>5</strong></span> <span class='ocrx_word' id='word_1_119' title='bbox 264 3010 347 3079; x_wconf 92' lang='lat' dir='ltr'>Quae</span> <span class='ocrx_word' id='word_1_120' title='bbox 364 3009 445 3087; x_wconf 90' lang='lat' dir='ltr'>prius</span> <span class='ocrx_word' id='word_1_121' title='bbox 460 3009 586 3070; x_wconf 90' lang='lat' dir='ltr'>multum</span> <span class='ocrx_word' id='word_1_122' title='bbox 602 3009 694 3069; x_wconf 88' lang='lat' dir='ltr'>facilis</span> <span class='ocrx_word' id='word_1_123' title='bbox 709 3009 844 3070; x_wconf 86' lang='lat' dir='ltr'>movebat</span> 
     </span>
     <span class='ocr_line' id='line_1_29' title="bbox 263 3091 859 3166; baseline -0.005 -12"><span class='ocrx_word' id='word_1_124' title='bbox 263 3091 417 3166; x_wconf 86' lang='lat' dir='ltr'>Cardines;</span> <span class='ocrx_word' id='word_1_125' title='bbox 433 3093 516 3153; x_wconf 90' lang='lat' dir='ltr'>audis</span> <span class='ocrx_word' id='word_1_126' title='bbox 530 3095 629 3153; x_wconf 91' lang='lat' dir='ltr'>minus</span> <span class='ocrx_word' id='word_1_127' title='bbox 644 3103 674 3153; x_wconf 88' lang='lat' dir='ltr'>ct</span> <span class='ocrx_word' id='word_1_128' title='bbox 688 3094 787 3154; x_wconf 92' lang='lat' dir='ltr'>minus</span> <span class='ocrx_word' id='word_1_129' title='bbox 802 3094 859 3153; x_wconf 94' lang='lat' dir='ltr'>iam</span> 
     </span>
    </p>
   </div>
   <div class='ocr_carea' id='block_1_11' title="bbox 260 3170 787 3338">
    <p class='ocr_par' dir='ltr' id='par_1_19' title="bbox 260 3170 787 3338">
     <span class='ocr_line' id='line_1_30' title="bbox 260 3170 787 3255; baseline 0 -19"><span class='ocrx_word' id='word_1_130' title='bbox 260 3170 320 3236; x_wconf 87' lang='lat' dir='ltr'>‘llle</span> <span class='ocrx_word' id='word_1_131' title='bbox 336 3185 387 3236; x_wconf 92' lang='lat' dir='ltr'>tuo</span> <span class='ocrx_word' id='word_1_132' title='bbox 403 3175 506 3254; x_wconf 89' lang='lat' dir='ltr'>longas</span> <span class='ocrx_word' id='word_1_133' title='bbox 522 3186 667 3255; x_wconf 88' lang='lat' dir='ltr'>pereunte</span> <span class='ocrx_word' id='word_1_134' title='bbox 683 3178 787 3250; x_wconf 88' lang='lat' dir='ltr'>noctis,</span> 
     </span>
     <span class='ocr_line' id='line_1_31' title="bbox 340 3249 603 3338; baseline -0.004 -18"><span class='ocrx_word' id='word_1_135' title='bbox 340 3259 439 3338; x_wconf 79' lang='lat' dir='ltr'>Lydia,</span> <span class='ocrx_word' id='word_1_136' title='bbox 455 3249 603 3321; x_wconf 77' lang='lat' dir='ltr'>dormisl&#39;</span> 
     </span>
    </p>
   </div>
   <div class='ocr_carea' id='block_1_12' title="bbox 196 3376 855 3707">
    <p class='ocr_par' dir='ltr' id='par_1_20' title="bbox 196 3376 855 3707">
     <span class='ocr_line' id='line_1_32' title="bbox 263 3376 820 3456; baseline 0.004 -20"><span class='ocrx_word' id='word_1_137' title='bbox 263 3376 393 3439; x_wconf 90' lang='lat' dir='ltr'>Invicem</span> <span class='ocrx_word' id='word_1_138' title='bbox 408 3377 548 3438; x_wconf 90' lang='lat' dir='ltr'>moechos</span> <span class='ocrx_word' id='word_1_139' title='bbox 563 3396 638 3438; x_wconf 93' lang='lat' dir='ltr'>anus</span> <span class='ocrx_word' id='word_1_140' title='bbox 654 3377 820 3456; x_wconf 87' lang='lat' dir='ltr'>arrogantis</span> 
     </span>
     <span class='ocr_line' id='line_1_33' title="bbox 196 3462 759 3542; baseline 0 -19"><span class='ocrx_word' id='word_1_141' title='bbox 196 3473 224 3523; x_wconf 89' lang='lat'>10</span> <span class='ocrx_word' id='word_1_142' title='bbox 267 3462 365 3524; x_wconf 84' lang='lat' dir='ltr'>Flebis</span> <span class='ocrx_word' id='word_1_143' title='bbox 379 3465 410 3524; x_wconf 95' lang='lat' dir='ltr'>in</span> <span class='ocrx_word' id='word_1_144' title='bbox 427 3462 490 3524; x_wconf 93' lang='lat' dir='ltr'>solo</span> <span class='ocrx_word' id='word_1_145' title='bbox 506 3463 577 3525; x_wconf 88' lang='lat' dir='ltr'>levis</span> <span class='ocrx_word' id='word_1_146' title='bbox 591 3462 759 3542; x_wconf 88' lang='lat' dir='ltr'>angiportu,</span> 
     </span>
     <span class='ocr_line' id='line_1_34' title="bbox 265 3546 855 3627; baseline 0.002 -20"><span class='ocrx_word' id='word_1_147' title='bbox 265 3546 397 3610; x_wconf 62' lang='lat' dir='ltr'>Thracio*</span> <span class='ocrx_word' id='word_1_148' title='bbox 406 3548 569 3609; x_wconf 90' lang='lat' dir='ltr'>bacchante</span> <span class='ocrx_word' id='word_1_149' title='bbox 585 3547 676 3627; x_wconf 89' lang='lat' dir='ltr'>magis</span> <span class='ocrx_word' id='word_1_150' title='bbox 691 3547 747 3608; x_wconf 89' lang='lat' dir='ltr'>sub</span> <span class='ocrx_word' id='word_1_151' title='bbox 762 3548 855 3608; x_wconf 86' lang='lat' dir='ltr'>inter·</span> 
     </span>
     <span class='ocr_line' id='line_1_35' title="bbox 341 3634 535 3707; baseline 0.005 -14"><span class='ocrx_word' id='word_1_152' title='bbox 341 3634 421 3694; x_wconf 93' lang='lat' dir='ltr'>lunia</span> <span class='ocrx_word' id='word_1_153' title='bbox 436 3642 535 3707; x_wconf 87' lang='lat' dir='ltr'>vento,</span> 
     </span>
    </p>
   </div>
   <div class='ocr_carea' id='block_1_13' title="bbox 222 3816 999 3950">
    <p class='ocr_par' dir='ltr' id='par_1_21' title="bbox 222 3816 999 3950">
     <span class='ocr_line' id='line_1_36' title="bbox 223 3816 758 3884; baseline -0.004 -16"><span class='ocrx_word' id='word_1_154' title='bbox 223 3816 344 3870; x_wconf 73' lang='lat' dir='ltr'>xillus.</span> <span class='ocrx_word' id='word_1_155' title='bbox 366 3820 396 3871; x_wconf 83' lang='lat'>13</span> <span class='ocrx_word' id='word_1_156' title='bbox 415 3816 506 3884; x_wconf 91' lang='lat' dir='ltr'>quodsi</span> <span class='ocrx_word' id='word_1_157' title='bbox 524 3819 559 3882; x_wconf 85' lang='lat' dir='ltr'>(v)</span> <span class='ocrx_word' id='word_1_158' title='bbox 578 3816 582 3883; x_wconf 90' lang='grc' dir='ltr'>Ι</span> <span class='ocrx_word' id='word_1_159' title='bbox 606 3819 636 3869; x_wconf 84' lang='grc'>15</span> <span class='ocrx_word' id='word_1_160' title='bbox 655 3831 705 3867; x_wconf 93' lang='lat' dir='ltr'>non</span> <span class='ocrx_word' id='word_1_161' title='bbox 724 3818 758 3880; x_wconf 78' lang='lat' dir='ltr'>(o)</span> 
     </span>
     <span class='ocr_line' id='line_1_37' title="bbox 222 3882 999 3950; baseline -0.005 -14"><span class='ocrx_word' id='word_1_162' title='bbox 222 3884 293 3936; x_wconf 83' lang='lat' dir='ltr'>XXV</span> <span class='ocrx_word' id='word_1_163' title='bbox 311 3902 336 3935; x_wconf 87' lang='lat' dir='ltr'>v.</span> <span class='ocrx_word' id='word_1_164' title='bbox 355 3886 508 3949; x_wconf 74' lang='lat' dir='ltr'>alacribus]</span> <span class='ocrx_word' id='word_1_165' title='bbox 527 3908 560 3928; x_wconf 92' lang='lat'>=</span> <span class='ocrx_word' id='word_1_166' title='bbox 579 3885 604 3934; x_wconf 91' lang='lat' dir='ltr'><em>H</em></span> <span class='ocrx_word' id='word_1_167' title='bbox 615 3901 703 3950; x_wconf 77' lang='lat' dir='ltr'>opusc.</span> <span class='ocrx_word' id='word_1_168' title='bbox 722 3884 831 3937; x_wconf 82' lang='lat'>111455:</span> <span class='ocrx_word' id='word_1_169' title='bbox 851 3882 945 3935; x_wconf 88' lang='lat' dir='ltr'>lctibus</span> <span class='ocrx_word' id='word_1_170' title='bbox 964 3882 999 3948; x_wconf 83' lang='lat' dir='ltr'>(o)</span> 
     </span>
    </p>
   </div>
   <div class='ocr_carea' id='block_1_14' title="bbox 0 0 1341 4448">
    <p class='ocr_par' dir='ltr' id='par_1_22' title="bbox 0 0 1341 4448">
     <span class='ocr_line' id='line_1_38' title="bbox 0 0 1341 4448; baseline 0 0"><span class='ocrx_word' id='word_1_171' title='bbox 0 0 1341 4448; x_wconf 95' lang='lat' dir='ltr'> </span> 
     </span>
    </p>
   </div>
  </div>
 </body>
</html>
