2656 4448
501 237 730 292 EPISTULARUM
748 241 758 293 I
777 244 801 294 t.
820 242 845 296 8.

219 411 326 473 Verum
349 411 401 471 ubi
424 429 492 472 ores
513 413 604 481 lurto,
626 409 732 471 morbo
754 413 870 491 periere
893 415 1031 493 capellae,

218 497 309 576 Spem
331 497 455 557 mentita
476 514 570 576 seges,
593 494 648 557 bos
671 504 715 556 est
737 507 858 558 enectus
881 498 1002 573 arando,

218 580 357 643 Offensus
379 581 494 642 damnis
516 581 611 642 media
634 581 669 641 de
693 590 780 642 nocte
804 582 946 645 caballum

218 667 331 746 Arripit
353 667 504 745 iratusque
527 666 655 745 Philippi
679 667 772 727 tendit
794 668 830 728 ad
852 668 942 729 aedis

216 751 312 823 Quem
327 752 415 813 simul
426 752 562 854 adspexit
576 751 737 812 scabrum
730 760 943 832 1ntonsumque
955 750 1116 832 Philippus,
1174 766 1204 817 90

211 827 342 910 ‘'Durus,
368 837 408 898 ait
426 829 545 909 ‘Vultei,
569 835 656 897 nimis
677 844 866 916 attentusque
890 838 995 900 videris

216 921 288 984 Esse
311 915 400 983 mibi’
435 913 513 993 ‘,Pol
535 940 583 981 me
606 921 755 996 miserum,
779 931 913 1001 patrone,
936 939 1064 997 vocares,

216 1007 247 1068 Si
270 997 365 1068 vedes'
390 1007 489 1084 inquit
505 999 620 1067 ‘rerum
645 1005 716 1066 mihi
738 1025 851 1086 ponere
873 1027 994 1069 nomen.

216 1091 302 1163 Quod
325 1100 353 1152 te
376 1109 477 1170 per
453 1091 578 1152 Genium
602 1091 794 1186 dextramque
816 1093 946 1171 deosque
969 1094 1085 1155 Penatis

216 1175 347 1238 Obsecro
371 1185 400 1237 et
423 1175 563 1248 obtestor,
585 1175 661 1235 vitae
685 1194 731 1234 me
755 1178 844 1238 redde
866 1169 986 1276 prioril'
1013 1214 1053 1224 —
1173 1191 1202 1242 aa

216 1260 273 1331 Qui
296 1262 389 1323 semel
411 1261 554 1340 adspexit,
577 1269 721 1338 quantum
746 1261 863 1324 dimissa
886 1264 960 1342 petit
962 1264 985 1324 is

214 1346 377 1422 Praestent,
399 1355 513 1406 mature
535 1346 635 1405 redeat
658 1352 830 1424 repetatque
853 1348 970 1420 relicta3

214 1431 309 1492 Metiri
332 1450 364 1493 se
388 1433 542 1510 quemque
558 1449 612 1490 suo
635 1430 756 1490 modulo
779 1449 812 1491 ac
835 1432 910 1510 pede
932 1452 1036 1493 verum
1058 1445 1111 1496 est.

632 1717 698 1778 VIII

214 1836 298 1899 Celso
321 1837 450 1915 gaudere
472 1846 502 1896 et
523 1836 600 1895 bene
623 1855 685 1896 rom
709 1854 812 1915 gerere
835 1835 1019 1898 Albinovano

212 1923 295 1983 blusa
318 1930 418 2000 rogata
442 1923 529 1995 reler,
552 1922 652 1982 comiti
674 1922 847 1999 scribaeque
870 1921 1006 1983 Neronis.

213 2006 244 2068 si
268 2015 391 2085 quaeret
413 2007 483 2085 quid
506 2025 599 2086 agam,
622 2007 669 2067 dio
691 2007 783 2067 multa
805 2014 833 2066 et
856 2006 979 2087 pulchra
1002 2009 1163 2072 minantem

212 2092 316 2152 Vivere
339 2110 395 2153 nec
418 2101 498 2152 recte
522 2111 578 2152 nec
600 2093 736 2165 suaviter,
759 2091 837 2152 haud
860 2092 929 2171 quia
950 2095 1062 2171 grando

212 2175 388 2238 Contuderit
409 2177 474 2237 vitis
497 2177 650 2257 oleamque
674 2177 866 2239 momorderit
888 2189 986 2239 aestus
1186 2193 1200 2243 t

212 2262 273 2323 Nec
295 2262 363 2341 quia
384 2261 556 2340 longinquis
579 2272 746 2323 armentum
769 2271 901 2341 aegrotet
923 2264 953 2323 in
977 2264 1064 2341 agris,

213 2347 270 2408 Sed
293 2347 362 2426 quia
385 2354 483 2406 mente
506 2347 604 2408 miuus
626 2348 737 2408 validus
760 2366 848 2425 qnam
871 2366 997 2427 corpore
1019 2357 1081 2410 toto

212 2431 260 2492 Nil
282 2431 384 2493 audire
407 2430 503 2503 velim,
527 2430 569 2490 nil
591 2432 714 2504 discere,
739 2431 818 2509 quod
840 2432 917 2491 levet
938 2450 1076 2510 aegrum;

214 2516 293 2578 Fidis
317 2516 451 2576 ollendar
472 2515 604 2589 medicis,
627 2516 737 2576 irascar
758 2515 869 2588 amicis,

214 2601 274 2662 Cur
295 2621 342 2662 me
366 2601 484 2662 lunesto
508 2610 671 2680 properent
694 2618 794 2661 arcere
817 2608 957 2673 veterno;
1170 2614 1199 2666 to

212 2687 294 2757 Quae
318 2704 449 2746 nocuere
471 2704 589 2763 sequar,
611 2685 721 2763 logiam
744 2703 819 2764 quae
841 2686 962 2764 prolore
984 2687 1119 2763 credam;

212 2770 323 2832 Romae
345 2771 440 2833 Tibur
461 2789 557 2831 amem
578 2781 729 2843 ventosus,
752 2768 863 2830 Tibure
885 2768 1018 2830 Romam.

211 2855 283 2918 Post
302 2856 387 2930 baec,
409 2867 444 2917 ut
462 2856 564 2952 valeat,
588 2875 646 2935 quo
669 2864 756 2935 pacto
779 2874 841 2915 rem
863 2865 946 2934 gerat
968 2863 1059 2931 etse,

211 2940 251 3002 Ut
271 2941 415 3044 placeat
407 2942 506 3003 iuveni
528 2951 705 3038 percontare
729 2949 819 3019 utque
842 2940 967 3000 cohorti.

212 3025 244 3086 Si
266 3018 372 3087 dicet‘
377 3017 477 3099 recte',
500 3027 629 3104 primum
651 3026 789 3105 gaudere,
811 3025 943 3086 subiude

211 3111 406 3256 Praeceptum
428 3112 568 3172 auriculis
591 3112 647 3172 hoc
669 3111 811 3173 instillare
833 3119 999 3170 memento:

212 3195 251 3257 Ut
271 3205 304 3256 tu
327 3197 486 3269 lortunam,
509 3197 551 3258 sic
575 3204 679 3259 noste
681 3243 688 3270 ,
664 3195 805 3268 eCelse,
828 3196 965 3256 feremus.

216 3445 299 3498 Vlla.
318 3449 351 3499 93
370 3447 576 3514 ponere]·=B⁰:
596 3448 681 3499 dicere
707 3448 711 3510 Ι
738 3449 770 3499 96
789 3447 923 3513 semel](o)
937 3447 1079 3509 Baoetcrue,
1096 3447 1196 3499 Bentlz

126 3514 203 3566 simul
219 3515 223 3578 Ι
238 3513 377 3581 adspexit1·
381 3520 531 3580 suspectum
550 3515 608 3566 coll.
626 3532 649 3567 o.
668 3518 701 3567 90
720 3513 755 3576 cl.
776 3514 820 3566 ot
836 3517 930 3581 epilog
947 3531 973 3580 p.
992 3516 1040 3567 636

216 3581 307 3634 VIIIv.
327 3585 341 3634 3
362 3583 481 3650 quaerit}
502 3586 517 3636 5
536 3583 653 3634 oleamue
672 3584 706 3646 (o)
730 3583 734 3648 Ι
759 3585 790 3635 12
809 3586 932 3634 uenturus
951 3598 965 3631 υ
983 3583 1098 3646 (=B0)‚
1116 3584 1195 3637 codd

125 3654 227 3717 partim
245 3654 315 3712 onte,
331 3655 436 3716 partim
449 3656 513 3716 post
528 3654 652 3702 ventosus
671 3655 720 3700 out
736 3656 858 3702 venturus
876 3652 1100 3714 distinguentibus
