2656 4448
514 213 702 267 SthRARUhl
721 216 740 267 ll
759 220 783 270 4.
1129 220 1189 276 169

202 384 279 444 Sunt
301 404 427 464 quorum
451 386 602 465 ingenium
628 407 700 447 nova
724 398 837 449 tantum
862 392 990 452 crustula
1012 395 1132 471 promit.
1147 429 1185 441 -

200 469 393 548 Nequaquam
416 471 485 532 satis
507 472 537 531 in
561 491 674 532 13333
698 471 875 534 consumere
898 494 1007 550 curam,

201 554 240 614 Ut
262 556 354 633 siquis
375 556 471 616 solum
495 557 560 629 hoc,
585 558 658 616 mala
683 578 720 619 ne
743 560 802 619 sint
825 559 899 632 rina,
923 561 1045 633 laboret,

202 639 287 710 Quali
309 641 467 720 perfundat
489 641 577 720 piscis
600 662 722 704 securus
746 645 830 706 olivo.
1161 660 1190 709 50

202 725 323 786 Massica
346 726 370 786 si
394 727 473 786 eaelo
496 745 647 806 suppones
669 728 735 789 vina
759 748 875 802 sereno,

202 809 363 883 Nocturna,
386 811 481 889 siquid
506 813 595 873 crassi
619 822 673 885 est,
696 814 868 874 tenuabitur
890 833 970 887 aura,

203 893 240 955 Et
262 896 383 956 decedet
407 898 481 956 odor
505 898 600 958 nervis
623 898 775 973 inimicus;
799 909 828 959 at
850 899 896 960 illa

203 979 354 1058 integrum
378 983 508 1060 perdunt
530 983 591 1043 lino
613 983 711 1043 vitiata
733 1002 878 1064 saporem.

203 1065 380 1126 Surrentina
402 1067 481 1127 vafer
504 1069 554 1145 qui
578 1068 680 1128 miscet
702 1070 783 1129 13333
806 1069 929 1129 Falerna
1162 1081 1192 1132 11

203 1149 285 1223 Vina,
310 1151 479 1213 columbino
504 1153 604 1213 limum
628 1153 705 1213 bene
728 1154 839 1233 colligit
862 1174 925 1225 ovo,

205 1234 358 1305 Quatenus
380 1236 437 1296 ima
459 1239 532 1315 petit
555 1238 673 1298 volvens
696 1239 789 1299 311333
812 1240 935 1300 31131133.

204 1318 301 1381 Tostis
324 1331 504 1382 marcentem
527 1324 641 1401 squillis
664 1325 811 1384 recreabis
834 1335 862 1384 et
885 1327 953 1385 Afra

204 1404 342 1466 Potorem
367 1408 474 1478 coclea,
497 1426 565 1467 3331
589 1409 702 1468 1331333
725 1409 837 1469 1333131
860 1411 919 1470 3311

205 1489 274 1551 Post
296 1491 396 1552 vinum
420 1493 587 1567 stomacho;
612 1511 704 1571 perna
728 1495 819 1570 magis
843 1504 871 1554 31
894 1495 985 1573 magis
1006 1495 1083 1556 hillis
1162 1505 1191 1555 31

206 1575 329 1653 Flagitat
352 1577 500 1638 inmorsus
523 1579 615 1650 refici,
638 1579 709 1656 quin
734 1580 831 1638 omnia
854 1580 944 1650 malit,

206 1659 417 1740 Quaecumque
439 1663 590 1723 inmundis
612 1665 727 1724 ferrent
749 1665 842 1724 adlata
864 1664 993 1743 popinis.
1016 1700 1055 1708 —

206 1744 258 1806 Est
281 1765 388 1825 operae
412 1749 538 1826 pretium
562 1748 685 1826 duplicis
708 1767 887 1826 pernoscere
909 1749 982 1809 iuris

208 1829 364 1892 Naturam:
387 1833 510 1911 simplex
534 1853 549 1893 e
573 1833 650 1894 dulci
674 1843 790 1894 constat
812 1834 897 1905 olivo,

209 1914 293 1985 Quod
317 1918 421 1996 pingui
445 1919 570 1980 miscere
592 1938 674 1980 mero
697 1920 850 1996 muriaque
872 1918 990 1980 decebit
1165 1929 1194 1979 61

205 1998 271 2060 Ν33
295 2002 349 2062 3113
373 2022 459 2081 quam
484 2023 541 2083 qua
564 2004 702 2085 Byzantia
724 2006 823 2083 putuit
845 2023 930 2077 orca;

207 2084 270 2146 Hoc
293 2087 343 2147 ubi
368 2091 525 2151 confusum
548 2091 635 2151 sectis
658 2089 802 2150 inferbuit
825 2090 924 2152 herbis

208 2170 390 2250 Corycioque
414 2193 502 2236 croco
525 2195 659 2255 sparsum
683 2177 771 2249 stetit,
794 2176 917 2255 insuper
939 2176 1027 2237 addes

208 2255 310 2317 Pressa
333 2257 515 2321 Venafranae
538 2262 617 2339 quod
640 2262 711 2321 baca
734 2262 847 2322 remisit
870 2262 969 2322 311333.
992 2295 1032 2306 -

208 2340 325 2403 Picenis
347 2345 457 2404 cedunt
479 2348 573 2424 pomis
596 2346 729 2405 Tiburtia
752 2365 833 2419 suco,
1164 2353 1194 2402 tu

207 2425 280 2485 Nam
304 2429 377 2487 facie
398 2440 557 2507 praestant.
601 2430 797 2490 Venuuncula
820 2430 958 2489 convenit
981 2429 1054 2500 ollis,

210 2512 329 2573 Rectius
351 2514 492 2573 Albanam
517 2515 597 2574 fumo
621 2514 770 2574 duraveris
793 2531 887 2573 uvam.

210 2596 294 2659 Hanc
316 2616 370 2675 ego
394 2617 460 2658 cum
483 2599 576 2671 malis,
600 2617 654 2678 ego
677 2600 790 2658 faecem
813 2598 926 2675 primus
949 2606 978 2656 et
999 2597 1080 2670 allec,

210 2683 327 2744 Primus
350 2694 379 2744 et
402 2684 536 2744 invenior
559 2684 644 2763 piper
666 2684 763 2744 album
787 2701 853 2742 cum
877 2681 936 2742 sale
960 2681 1045 2759 nigro

211 2768 360 2827 lncretum
384 2769 467 2847 puris
488 2769 738 2849 circumposuisse
760 2768 872 2831 catillis.
895 2799 934 2810 —
1168 2774 1197 2824 rt

211 2854 335 2914 lnmane
359 2863 403 2915 est
424 2854 534 2926 vitium,
558 2855 628 2916 dare
651 2854 729 2915 milia
753 2862 834 2913 terna
858 2851 981 2911 macello

211 2941 405 3018 Augustoque
427 2958 516 3019 vagos
537 2940 626 3017 piscis
649 2958 755 3018 urgere
778 2938 885 2999 catino.

211 3024 315 3103 Magna
339 3033 436 3086 moret
458 3026 608 3086 stomacho
632 3025 753 3096 fastidia,
776 3042 827 3084 seu
850 3040 925 3100 puer
948 3020 1044 3081 unctis

211 3110 357 3170 Tractavit
380 3111 501 3170 calicem
523 3110 670 3183 manibus,
694 3110 762 3170 dum
786 3110 862 3167 furta
884 3105 1010 3186 ligurrit,

213 3195 278 3255 Sive
301 3196 395 3273 gravis
417 3196 508 3256 veteri
531 3206 661 3257 craterae
684 3196 770 3255 limus
793 3193 931 3254 adhaesit.
1171 3199 1200 3251 80

214 3280 325 3340 Vilibus
347 3282 377 3341 in
401 3282 508 3359 scopis,
532 3281 561 3340 iu
585 3281 708 3360 mappis,
732 3280 761 3340 in
787 3278 875 3340 scobe
898 3285 1025 3356 quantus

214 3365 355 3426 Consistit
377 3364 534 3445 sumptus?
557 3367 708 3445 neglectis,
732 3363 874 3441 flagitium
898 3363 1013 3441 ingens.

215 3449 279 3510 'len
302 3450 412 3530 lapides
434 3452 529 3512 varios
552 3452 695 3513 lutulenta
718 3451 822 3510 radere
845 3449 950 3527 palma,

214 3535 252 3596 Et
274 3535 377 3616 Tyrias
400 3537 469 3597 dare
493 3537 603 3597 circum
628 3538 717 3597 inlota
741 3534 842 3595 toralia
865 3534 962 3605 restis,

214 3703 247 3754 lV
265 3721 288 3757 3.
308 3707 338 3757 ot
358 3705 383 3756 13
403 3718 502 3755 3131333
521 3704 555 3766 (a)
573 3703 720 3753 Lambinus
734 3701 739 3772 Ι
755 3704 787 3754 61
805 3702 830 3752 13
850 3699 950 3751 mundis
966 3699 969 3764 1
986 3699 1148 3750 1413333131
1168 3700 1203 3762 (3)

129 3771 214 3822 133331
233 3774 268 3837 (υ)
291 3772 295 3838 Ι
320 3775 352 3826 tu
371 3775 457 3824 movet
474 3771 618 3833 stomacho]
636 3772 683 3833 (311
703 3775 808 3822 11133331
825 3768 957 3819 stomacho
976 3769 1203 3830 1311333331313-

129 3839 479 3905 31331133113)11’11·3111131·33
505 3838 510 3906 1
534 3839 664 3892 19113313
683 3839 718 3901 (o)
741 3838 746 3904 Ι
771 3841 802 3890 80
822 3838 953 3897 creterrae]
973 3858 1005 3877 ι-
1023 3835 1060 3884 pa
1075 3851 1130 3899 pm:
1151 3849 1204 3885 cra·

128 3908 218 3974 131331
234 3912 267 3961 84
284 3909 364 3961 131313
