2656 4448
547 189 678 242 EPODON
698 194 737 245 16.
758 195 796 245 tt.

216 357 278 418 lllic
301 360 427 421 iniussae
449 361 573 421 veniunt
595 362 630 423 ad
652 364 776 425 mulctra
799 366 927 444 capellae

285 445 445 524 Refertque
468 455 546 507 tenta
569 465 641 525 grex
663 450 774 510 amicus
796 450 897 526 ubera,
931 470 933 473 ’

216 528 277 589 Nec
299 531 483 609 vespertinus
505 533 709 610 circumgemit
733 552 818 596 ursus
841 536 915 597 ovile

283 615 386 693 Neque
408 616 578 677 intumescit
599 618 653 677 alta
677 619 784 697 viperis
807 621 928 694 humus;

218 697 302 759 Nulla
327 711 437 760 nocent
459 701 559 780 pecori
583 704 726 782 contagia,
750 705 859 766 nullius
881 707 950 767 astri

285 784 408 862 Gregem
433 794 565 847 aestuosa
589 795 682 848 torret
703 789 885 867 impotentia.

218 867 362 947 Pluraque
386 871 485 931 felices
506 871 688 947 mirabimur,
712 882 745 934 ut
768 894 864 954 neque
887 876 974 955 largis

284 956 420 1033 Aquosus
443 956 539 1017 Eurus
562 976 627 1017 arva
651 958 732 1018 radat
754 960 898 1021 imbribus

215 1036 339 1117 Pinguia
363 1060 417 1101 nec
439 1041 525 1102 siccis
547 1053 672 1103 urantur
694 1045 806 1105 semina
828 1046 949 1123 glaebis,

285 1125 448 1204 Utrumque
471 1144 540 1204 rege
563 1135 747 1206 temperante
769 1130 915 1191 caelitum.

217 1209 281 1269 Non
306 1211 365 1271 huc
386 1212 484 1290 Argoo
508 1213 662 1273 contendit
683 1215 795 1292 remige
817 1216 905 1295 pinus

285 1295 386 1374 Neque
409 1296 555 1375 impudica
579 1297 694 1359 Colchis
716 1299 815 1360 intulit
837 1302 953 1378 pedem,

216 1378 281 1439 Non
305 1380 363 1441 buc
386 1380 499 1441 Sidonii
521 1389 672 1443 torserunt
694 1401 804 1444 cornua
831 1396 935 1446 nautae

284 1465 443 1525 Laboriosa
467 1483 522 1526 nee
545 1467 652 1528 cohors
675 1468 784 1542 Ulixci;
894 1545 895 1548 Ἴ

216 1549 349 1629 luppiter
371 1549 417 1610 illa
441 1551 506 1629 piae
529 1553 653 1612 secrevit
674 1552 758 1613 litora
782 1555 872 1630 genti,

283 1635 321 1695 Ut
343 1635 508 1712 inquinavit
530 1654 598 1695 aere
620 1645 737 1715 tempus
758 1656 896 1710 aureum;

217 1720 302 1794 here,
325 1721 432 1780 dehinc
455 1721 533 1780 ferro
556 1720 670 1782 duravit
692 1724 816 1798 saecula,
841 1741 967 1802 quorum

284 1806 342 1867 Piis
364 1807 492 1866 secunda
514 1815 579 1866 vate
601 1825 647 1868 me
670 1808 755 1867 datur
777 1809 855 1886 luga.

629 2085 706 2146 XVll

213 2195 286 2264 ‘lam
309 2205 365 2265 iam
389 2205 500 2266 efficaci
524 2206 560 2265 do
584 2224 690 2265 manus
711 2206 860 2277 scientiae,

215 2289 346 2369 Supplex
369 2298 398 2349 et
420 2309 472 2351 oro
495 2309 585 2369 regna
609 2309 664 2369 per
687 2290 889 2370 Proserpinae,

217 2373 273 2434 Per
294 2385 323 2435 et
346 2375 454 2435 Dianae
479 2394 539 2434 non
561 2375 705 2434 movenda
728 2377 859 2446 numina,

216 2458 272 2518 Per
294 2470 381 2538 atque
404 2459 495 2520 libros
518 2460 681 2520 carminum
705 2460 862 2519 valentium

214 2543 315 2605 Refixa
338 2544 418 2604 caelo
441 2545 583 2604 devocare
605 2543 709 2615 sidera,

216 2626 345 2699 Canidia,
368 2648 455 2707 parce
477 2629 598 2690 vocibus
620 2627 738 2688 tandem
761 2628 850 2688 sacris

216 2712 371 2792 Citumque
393 2723 473 2774 retro
497 2714 584 2785 solve,
607 2714 687 2774 solve
709 2710 874 2773 turbinem!

214 2796 304 2859 Movit
327 2807 464 2878 nepotem
488 2799 637 2877 Telephus
658 2799 805 2867 Nereium,

215 2882 247 2942 ln
273 2902 359 2962 quem
383 2884 530 2962 superbus
553 2884 702 2944 ordinarat
723 2883 839 2961 agmina

215 2967 364 3048 Mysorum
389 2976 417 3028 et
438 2969 468 3028 in
493 2987 580 3046 quern
602 2969 657 3028 tela
681 2978 765 3029 acuta
788 2974 926 3037 torserat3

215 3052 333 3115 Unxere
357 3061 463 3114 matres
485 3054 555 3114 lliae
577 3054 723 3114 addictum
747 3052 817 3111 feris

214 3138 339 3200 Alitibus
360 3147 448 3217 atque
470 3138 594 3199 canibus
614 3137 790 3199 homicidam
814 3135 981 3209 Hectorem,

215 3223 372 3302 Postquam
396 3224 505 3285 relictis
528 3223 686 3284 moenibus
708 3242 758 3282 rex
782 3221 909 3301 procidit

216 3308 278 3369 Heu
302 3309 461 3388 pervicacis
483 3311 517 3369 ad
541 3311 631 3389 pedes
653 3308 789 3382 Achillei;

215 3393 333 3454 Saetosa
356 3395 437 3455 duris
460 3413 567 3455 exuere
590 3394 715 3474 pellibus
1133 3400 1160 3450 15

215 3593 270 3644 llVl
290 3611 312 3647 o.
332 3598 360 3646 51
383 3595 444 3646 ouili
471 3593 475 3662 Ι
503 3597 533 3646 61
547 3612 584 3659 sq.
604 3597 630 3656 []
651 3595 709 3656 HV,-
732 3594 851 3659 equidem
873 3597 934 3657 poat
955 3607 978 3641 υ.
997 3592 1029 3640 52
1048 3592 1203 3655 transposui

128 3677 190 3721 cum
207 3664 373 3727 Albrcscha'o)
392 3665 490 3713 observ.
509 3661 651 3713 mucelli!
670 3663 732 3714 382:
749 3667 810 3726 port
825 3677 849 3711 υ.
863 3663 895 3713 48
914 3658 1056 3710 collocavit
1066 3658 1202 3719 Inebrea'us,

128 3735 189 3796 poet
207 3747 229 3783 o.
249 3734 280 3783 50
300 3748 322 3782 o.
341 3732 367 3782 d.
387 3734 488 3807 obacro.
507 3732 579 3782 misc.
597 3729 618 3780 ll
636 3731 744 3795 381aq.,
765 3734 826 3794 post
843 3745 866 3779 o.
886 3731 918 3780 56
936 3726 987 3777 ΑΚ
1009 3727 1013 3792 Ι
1040 3728 1070 3778 61
1091 3725 1170 3776 austri
1192 3721 1197 3795 Ι

127 3803 161 3854 65
175 3800 323 3919 ωξῶἧυ)υ.
343 3870 355 3920 1
374 3866 476 3918 lamiam
498 3864 545 3916 OK
559 3881 621 3916 ann.
638 3865 704 3930 phil.
727 3866 782 3930 139,
801 3866 832 3916 80
849 3863 883 3929 lb
903 3861 984 3913 defixa
1001 3860 1006 3928 Ι
1023 3865 1051 3913 11
1071 3862 1159 3912 luxere
