2656 4448
512 219 553 273 DE
572 218 659 272 ARTE
677 218 826 274 Pourml.

216 392 369 453 Interdum
393 401 491 454 tamen
515 403 545 452 et
566 410 669 452 vocem
691 392 842 453 comoedia
868 392 951 465 tollit,

217 477 373 556 iratusque
397 477 537 539 Chremes
560 477 672 539 tumido
694 477 825 557 delitigat
847 495 915 558 ore;

218 561 256 622 Et
278 565 409 640 tragicus
432 563 607 642 plerumque
630 562 710 623 dolet
731 581 867 624 sermone
890 562 1029 642 pedestri,
1177 575 1207 626 9⁶

217 646 364 726 Telephus
391 655 421 708 et
443 648 548 709 Peleus
570 666 637 708 cum
660 666 774 727 pauper
796 657 825 708 et
847 648 930 708 exsul
952 659 1079 728 uterque

217 732 329 792 Proicit
350 733 493 812 ampullas
515 743 545 794 et
566 733 781 812 sesquipedalia
803 733 899 803 verba,

217 817 249 877 Si
272 826 356 877 curat
377 836 430 878 cor
451 818 612 896 spectantis
634 818 765 897 tetigisse
788 818 928 896 querella.
951 852 992 862 -

217 902 283 962 Non
306 903 375 964 satis
398 914 442 964 est
464 903 586 981 pulchra
609 921 673 963 esse
696 911 838 982 poemata,
861 903 955 964 dulcia
977 913 1066 964 sunto

218 986 255 1046 Et
277 1006 466 1067 quocumque
488 988 589 1047 volent
609 988 740 1048 animum
765 988 907 1049 auditoris
928 998 1049 1067 agunto.

219 1071 256 1132 Ut
278 1073 443 1134 ridentibus
465 1072 607 1143 arrident,
630 1073 670 1132 ita
692 1073 831 1134 flentibus
853 1074 962 1133 adllent

217 1155 345 1217 Humani
367 1158 475 1219 voltus:
500 1158 524 1218 si
547 1157 589 1218 vis
611 1176 658 1217 me
681 1158 761 1231 llere,
784 1158 944 1219 dolendum
967 1169 1011 1220 est

216 1242 349 1302 Primum
371 1243 428 1321 ipsi
449 1242 512 1314 tibi,
535 1252 599 1303 tum
622 1251 671 1302 tua
694 1262 741 1302 me
765 1243 927 1304 infortunia
950 1243 1077 1318 laedent,

217 1326 346 1405 Telephe
371 1327 416 1388 vel
439 1328 544 1401 Peleu3
567 1327 641 1387 male
664 1328 688 1388 si
711 1329 847 1388 mandata
870 1327 1011 1406 loqueris,

217 1412 276 1470 Aut
297 1411 463 1472 dormitabo
487 1421 537 1472 aut
558 1411 670 1472 ridebo.
715 1412 821 1473 Tristia
843 1423 988 1475 maestum

217 1496 334 1557 Vultum
356 1497 445 1558 rerba
469 1498 584 1570 decent,
607 1497 714 1558 iratum
737 1497 825 1576 plena
848 1499 1005 1570 minarum,

217 1581 384 1642 Ludentem
407 1582 521 1654 lasciva,
544 1600 677 1642 severum
700 1586 776 1643 seria
799 1582 893 1642 dictu:

217 1665 338 1727 Pormat
360 1667 439 1728 enim
464 1675 568 1727 natura
591 1667 674 1745 prius
696 1686 752 1728 nos
774 1668 855 1728 intus
876 1668 911 1728 ad
936 1686 1054 1728 omnem

218 1751 417 1812 Fortunarum
442 1752 584 1825 habitum,
608 1751 686 1812 iuvat
708 1762 758 1813 aut
779 1752 902 1832 impellit
925 1754 1066 1826 adirem,

218 1838 276 1897 hut
298 1836 333 1896 ad
356 1837 479 1897 humum
501 1854 635 1897 maerore
658 1837 738 1915 gravi
760 1838 879 1898 deducit
901 1848 930 1901 et
951 1837 1042 1916 angit,

217 1920 288 1982 Post
311 1922 396 1982 effert
419 1921 509 1982 animi
531 1930 629 1983 motus
651 1922 813 2002 interprete
836 1923 952 2006 lingua3

218 2006 248 2066 Si
271 2006 396 2067 dicentis
419 2015 508 2068 erunt
529 2008 658 2068 fortunis
680 2008 789 2068 absona
812 2007 898 2082 dicta,

218 2090 343 2151 Romani
365 2093 471 2152 tollent
493 2093 608 2170 equites
629 2093 802 2172 peditesque
825 2093 1013 2154 cachinnum.

217 2174 355 2236 intererit
377 2176 512 2247 multum,
535 2177 658 2239 dirusne
681 2179 821 2257 loquatur
842 2197 879 2239 an
903 2179 1002 2251 heroe,

217 2259 388 2322 ltlaturusne
410 2281 502 2322 senex
524 2281 562 2322 an
586 2263 681 2324 adbuc
704 2264 829 2325 florente
852 2265 971 2325 iuventa

218 2344 367 2419 Pervidus,
391 2355 419 2406 et
441 2355 575 2407 matrona
598 2358 705 2425 potens
728 2366 764 2407 an
788 2348 889 2408 sedula
912 2349 1021 2420 nutrix,

217 2430 403 2491 Mercatorne
424 2448 515 2507 vagus
538 2430 674 2491 cultorne
697 2431 818 2491 virentis
841 2432 935 2509 agelli,

217 2514 345 2576 Colchus
367 2532 404 2574 an
427 2514 573 2593 Assyrius,
596 2515 705 2576 Thebis
728 2515 857 2577 nutritus
880 2535 916 2575 an
940 2516 1034 2594 Argis.
1058 2551 1100 2561 -

217 2602 275 2659 hut
297 2600 403 2658 lamam
425 2616 551 2676 sequere
573 2608 624 2659 aut
644 2599 701 2661 sibi
723 2601 928 2661 convenientia
952 2602 1030 2679 finge

218 2684 362 2762 Scriptor.
406 2683 591 2744 Honoratum
615 2685 639 2745 si
663 2686 738 2745 sorte
760 2685 882 2763 reponis
904 2687 1061 2747 Achillem:

217 2769 356 2848 Impiger,
380 2768 549 2839 iracundus,
573 2769 771 2843 inexorabilis,
794 2788 871 2842 acer,

216 2852 282 2914 lura
305 2863 393 2928 neget
416 2853 472 2914 sibi
495 2863 573 2927 nata,
596 2855 669 2914 nihil
692 2874 753 2916 non
777 2856 900 2934 adroget
921 2855 1025 2929 armis3

218 2939 261 2999 Sit
283 2938 384 2998 Medea
407 2939 490 2999 ferox
513 2939 689 3018 invictaque,
713 2939 817 3001 llebilis
840 2941 904 3012 loo,

218 3023 351 3083 Perfidus
373 3022 468 3095 lxion,
491 3024 522 3084 lo
546 3043 625 3103 vaga,
649 3025 739 3087 tristis
762 3025 891 3086 Orestes.

217 3108 319 3186 Siquid
342 3109 530 3188 inexpertum
553 3128 676 3171 scaenae
699 3110 849 3171 conmittis
866 3117 901 3170 'et
922 3109 1011 3170 audes

215 3194 377 3254 Personam
399 3196 527 3255 formare
550 3214 664 3268 novam,
687 3205 820 3256 servetur
842 3196 878 3255 ad
901 3196 992 3255 imum

218 3278 318 3349 Qualis
339 3277 376 3338 ab
399 3278 518 3358 incepto
542 3281 720 3359 processerit
741 3291 770 3340 et
794 3280 850 3341 sibi
873 3288 998 3341 constet.

130 3412 333 3424 η·-

215 3511 238 3545 o.
257 3497 289 3547 95
302 3512 358 3561 sqq.
375 3500 448 3545 recte
465 3496 593 3546 distinxit
611 3497 641 3549 V
646 3498 680 3561 (o.
698 3497 785 3546 Herm.
806 3499 845 3560 12,
860 3499 909 3550 180
919 3497 980 3562 oq.):
999 3495 1110 3562 pedestri
1129 3496 1204 3549 Tele-

129 3561 196 3629 phus
215 3567 241 3615 et
252 3561 353 3624 Peleus,
372 3578 428 3615 cum
446 3565 481 3615 al.
498 3565 502 3629 Ι
521 3566 567 3617 100
586 3564 678 3615 uolunt
693 3564 697 3630 Ι
714 3567 760 3617 101
776 3563 881 3629 adflent]
899 3567 943 3629 (ot,
960 3580 1041 3616 anon.
1058 3579 1094 3619 sc.
1110 3580 1203 3630 grum-

127 3632 242 3682 maticus
261 3632 434 3683 bibliothocae
452 3631 640 3697 Vigorniensis
658 3636 723 3682 teste
742 3633 872 3694 Bentleio,
899 3632 936 3684 M.
954 3634 1107 3695 Plocartus,
1132 3634 1166 3684 al.
1185 3649 1202 3683 a

128 3698 250 3750 Bentleio
271 3700 363 3750 allati:
391 3699 487 3751 adllaut
504 3702 539 3763 (v)
562 3699 655 3751 adsunt
679 3699 710 3769 (s.
730 3703 861 3766 assunt)v
887 3700 971 3752 adsint
988 3703 1018 3766 (s.
1030 3702 1120 3765 assint)
1138 3702 1197 3770 (cll
1282 3742 1286 3749 .

131 3768 178 3819 103
197 3771 258 3818 tuuc
274 3767 278 3835 Ι
296 3770 344 3821 114
367 3767 481 3820 danusue
497 3768 501 3834 Ι
519 3771 566 3821 111
586 3769 696 3834 uigentis
711 3769 716 3834 Ι
733 3771 781 3822 119
793 3785 830 3834 sq.
848 3767 931 3834 finge,
950 3767 1064 3836 Scriptor
1081 3774 1107 3819 et
1124 3768 1201 3835 finge.

130 3831 245 3900 Scriptor
262 3836 296 3888 eL
313 3837 317 3900 Ι
336 3838 383 3889 120
395 3835 549 3889 llomercum
567 3837 616 3899 uel,
635 3839 660 3886 oi
677 3833 750 3896 forte
767 3840 861 3902 mocio,
879 3836 1054 3889 Homeriacum
1072 3840 1131 3901 (suo
1144 3840 1204 3888 iure

129 3902 179 3951 hoc
195 3903 318 3966 praefert
334 3904 377 3968 Μ)
395 3905 483 3956 Bentl.
