<?xml version="1.0" encoding="UTF-8"?>
<!DOCTYPE html PUBLIC "-//W3C//DTD XHTML 1.0 Transitional//EN"
    "http://www.w3.org/TR/xhtml1/DTD/xhtml1-transitional.dtd">
<html xmlns="http://www.w3.org/1999/xhtml" xml:lang="en" lang="en">
 <head>
  <title>
</title>
<meta http-equiv="Content-Type" content="text/html;charset=utf-8" />
  <meta name='ocr-system' content='tesseract 3.04.00' />
  <meta name='ocr-capabilities' content='ocr_page ocr_carea ocr_par ocr_line ocrx_word'/>
</head>
<body>
  <div class='ocr_page' id='page_1' title='image "./qhoratiiflaccic02hertgoog_0060.png"; bbox 0 0 2656 4448; ppageno 0'>
   <div class='ocr_carea' id='block_1_1' title="bbox 346 958 893 1077">
    <p class='ocr_par' dir='ltr' id='par_1_1' title="bbox 346 958 893 1077">
     <span class='ocr_line' id='line_1_1' title="bbox 346 958 893 1077; baseline 0.002 -3"><span class='ocrx_word' id='word_1_1' title='bbox 346 958 893 1077; x_wconf 79' lang='lat' dir='ltr'><strong>CARMINUM</strong></span> 
     </span>
    </p>
   </div>
   <div class='ocr_carea' id='block_1_2' title="bbox 491 1159 749 1216">
    <p class='ocr_par' dir='ltr' id='par_1_2' title="bbox 491 1159 749 1216">
     <span class='ocr_line' id='line_1_2' title="bbox 491 1159 749 1216; baseline 0.008 -2"><span class='ocrx_word' id='word_1_2' title='bbox 491 1162 583 1214; x_wconf 75' lang='lat' dir='ltr'><strong>LIBER</strong></span> <span class='ocrx_word' id='word_1_3' title='bbox 601 1159 749 1216; x_wconf 75' lang='lat' dir='ltr'><strong>Taunus.</strong></span> 
     </span>
    </p>
   </div>
   <div class='ocr_carea' id='block_1_3' title="bbox 619 1333 629 1392">
    <p class='ocr_par' dir='ltr' id='par_1_3' title="bbox 619 1333 629 1392">
     <span class='ocr_line' id='line_1_3' title="bbox 619 1333 629 1392; baseline 0 0"><span class='ocrx_word' id='word_1_4' title='bbox 619 1333 629 1392; x_wconf 88' lang='lat'><em>1</em></span> 
     </span>
    </p>
   </div>
   <div class='ocr_carea' id='block_1_4' title="bbox 209 1449 779 1782">
    <p class='ocr_par' dir='ltr' id='par_1_4' title="bbox 209 1449 779 1782">
     <span class='ocr_line' id='line_1_4' title="bbox 209 1449 717 1528; baseline 0 -18"><span class='ocrx_word' id='word_1_5' title='bbox 209 1449 267 1510; x_wconf 84' lang='lat' dir='ltr'><strong>Odi</strong></span> <span class='ocrx_word' id='word_1_6' title='bbox 284 1450 441 1528; x_wconf 83' lang='lat' dir='ltr'><strong>profanum</strong></span> <span class='ocrx_word' id='word_1_7' title='bbox 461 1449 563 1528; x_wconf 83' lang='lat' dir='ltr'><strong>volgus</strong></span> <span class='ocrx_word' id='word_1_8' title='bbox 578 1460 607 1510; x_wconf 83' lang='lat' dir='ltr'><strong>et</strong></span> <span class='ocrx_word' id='word_1_9' title='bbox 622 1469 717 1510; x_wconf 88' lang='lat' dir='ltr'><strong>arceo.</strong></span> 
     </span>
     <span class='ocr_line' id='line_1_5' title="bbox 211 1534 779 1613; baseline 0.007 -21"><span class='ocrx_word' id='word_1_10' title='bbox 211 1534 316 1594; x_wconf 81' lang='lat' dir='ltr'><strong>Favete</strong></span> <span class='ocrx_word' id='word_1_11' title='bbox 333 1534 454 1612; x_wconf 85' lang='lat' dir='ltr'><strong>linguisi</strong></span> <span class='ocrx_word' id='word_1_12' title='bbox 472 1535 601 1594; x_wconf 90' lang='lat' dir='ltr'><strong>carmina</strong></span> <span class='ocrx_word' id='word_1_13' title='bbox 620 1554 678 1595; x_wconf 90' lang='lat' dir='ltr'><strong>non</strong></span> <span class='ocrx_word' id='word_1_14' title='bbox 696 1537 779 1613; x_wconf 93' lang='lat' dir='ltr'><strong>prius</strong></span> 
     </span>
     <span class='ocr_line' id='line_1_6' title="bbox 257 1618 681 1680; baseline 0.005 -3"><span class='ocrx_word' id='word_1_15' title='bbox 257 1618 362 1678; x_wconf 78' lang='lat' dir='ltr'><strong>Audita</strong></span> <span class='ocrx_word' id='word_1_16' title='bbox 377 1618 527 1678; x_wconf 82' lang='lat' dir='ltr'><strong>Musarum</strong></span> <span class='ocrx_word' id='word_1_17' title='bbox 544 1619 681 1680; x_wconf 80' lang='lat' dir='ltr'><strong>sacerdos</strong></span> 
     </span>
     <span class='ocr_line' id='line_1_7' title="bbox 310 1702 766 1782; baseline 0.009 -21"><span class='ocrx_word' id='word_1_18' title='bbox 310 1702 477 1781; x_wconf 82' lang='lat' dir='ltr'><strong>Virginibus</strong></span> <span class='ocrx_word' id='word_1_19' title='bbox 494 1704 654 1782; x_wconf 84' lang='lat' dir='ltr'><strong>puerisque</strong></span> <span class='ocrx_word' id='word_1_20' title='bbox 671 1715 766 1765; x_wconf 89' lang='lat' dir='ltr'><strong>canto.</strong></span> 
     </span>
    </p>
   </div>
   <div class='ocr_carea' id='block_1_5' title="bbox 208 1820 866 2070">
    <p class='ocr_par' dir='ltr' id='par_1_5' title="bbox 208 1820 866 2070">
     <span class='ocr_line' id='line_1_8' title="bbox 209 1820 866 1903; baseline 0.009 -24"><span class='ocrx_word' id='word_1_21' title='bbox 209 1821 322 1899; x_wconf 84' lang='lat' dir='ltr'><strong>Regum</strong></span> <span class='ocrx_word' id='word_1_22' title='bbox 338 1820 536 1881; x_wconf 82' lang='lat' dir='ltr'><strong>timendorum</strong></span> <span class='ocrx_word' id='word_1_23' title='bbox 554 1821 582 1880; x_wconf 93' lang='lat' dir='ltr'><strong>in</strong></span> <span class='ocrx_word' id='word_1_24' title='bbox 601 1823 737 1901; x_wconf 91' lang='lat' dir='ltr'><strong>proprios</strong></span> <span class='ocrx_word' id='word_1_25' title='bbox 753 1841 866 1903; x_wconf 83' lang='lat' dir='ltr'><strong>greges,</strong></span> 
     </span>
     <span class='ocr_line' id='line_1_9' title="bbox 208 1905 782 1985; baseline 0.007 -20"><span class='ocrx_word' id='word_1_26' title='bbox 208 1905 305 1984; x_wconf 82' lang='lat' dir='ltr'>Reges</span> <span class='ocrx_word' id='word_1_27' title='bbox 322 1906 350 1965; x_wconf 92' lang='lat' dir='ltr'><strong>in</strong></span> <span class='ocrx_word' id='word_1_28' title='bbox 367 1906 448 1984; x_wconf 92' lang='lat' dir='ltr'><strong>ipsos</strong></span> <span class='ocrx_word' id='word_1_29' title='bbox 466 1906 622 1985; x_wconf 92' lang='lat' dir='ltr'><strong>imperium</strong></span> <span class='ocrx_word' id='word_1_30' title='bbox 640 1916 683 1967; x_wconf 89' lang='lat' dir='ltr'><strong>est</strong></span> <span class='ocrx_word' id='word_1_31' title='bbox 700 1908 782 1981; x_wconf 88' lang='lat' dir='ltr'><strong>iovis,</strong></span> 
     </span>
     <span class='ocr_line' id='line_1_10' title="bbox 258 1990 670 2070; baseline -0.002 -19"><span class='ocrx_word' id='word_1_32' title='bbox 258 1990 332 2051; x_wconf 87' lang='lat' dir='ltr'><strong>Clari</strong></span> <span class='ocrx_word' id='word_1_33' title='bbox 350 1991 493 2070; x_wconf 85' lang='lat' dir='ltr'><strong>Giganteo</strong></span> <span class='ocrx_word' id='word_1_34' title='bbox 510 1991 670 2070; x_wconf 86' lang='lat' dir='ltr'><strong>triumpho,</strong></span> 
     </span>
    </p>
   </div>
   <div class='ocr_carea' id='block_1_6' title="bbox 310 2075 821 2154">
    <p class='ocr_par' dir='ltr' id='par_1_6' title="bbox 310 2075 821 2154">
     <span class='ocr_line' id='line_1_11' title="bbox 310 2075 821 2154; baseline 0.004 -18"><span class='ocrx_word' id='word_1_35' title='bbox 310 2075 420 2136; x_wconf 87' lang='lat' dir='ltr'><strong>Cuncta</strong></span> <span class='ocrx_word' id='word_1_36' title='bbox 436 2075 594 2154; x_wconf 86' lang='lat' dir='ltr'><strong>supercilio</strong></span> <span class='ocrx_word' id='word_1_37' title='bbox 611 2077 764 2138; x_wconf 80' lang='lat' dir='ltr'><strong>moventis.</strong></span> <span class='ocrx_word' id='word_1_38' title='bbox 782 2113 821 2122; x_wconf 94' lang='lat'>—</span> 
     </span>
    </p>
   </div>
   <div class='ocr_carea' id='block_1_7' title="bbox 208 2193 769 2524">
    <p class='ocr_par' dir='ltr' id='par_1_7' title="bbox 208 2193 769 2524">
     <span class='ocr_line' id='line_1_12' title="bbox 210 2193 677 2253; baseline 0 0"><span class='ocrx_word' id='word_1_39' title='bbox 210 2193 261 2253; x_wconf 85' lang='lat' dir='ltr'><strong>Est</strong></span> <span class='ocrx_word' id='word_1_40' title='bbox 275 2202 308 2252; x_wconf 92' lang='lat' dir='ltr'><strong>ut</strong></span> <span class='ocrx_word' id='word_1_41' title='bbox 323 2193 384 2252; x_wconf 89' lang='lat' dir='ltr'><strong>viro</strong></span> <span class='ocrx_word' id='word_1_42' title='bbox 400 2193 443 2252; x_wconf 88' lang='lat' dir='ltr'><strong>vir</strong></span> <span class='ocrx_word' id='word_1_43' title='bbox 458 2193 543 2253; x_wconf 90' lang='lat' dir='ltr'><strong>iatius</strong></span> <span class='ocrx_word' id='word_1_44' title='bbox 560 2193 677 2253; x_wconf 91' lang='lat' dir='ltr'><strong>ordinet</strong></span> 
     </span>
     <span class='ocr_line' id='line_1_13' title="bbox 208 2277 702 2356; baseline 0.002 -19"><span class='ocrx_word' id='word_1_45' title='bbox 208 2278 334 2337; x_wconf 79' lang='lat' dir='ltr'><strong>Arbusta</strong></span> <span class='ocrx_word' id='word_1_46' title='bbox 350 2277 448 2350; x_wconf 83' lang='lat' dir='ltr'><strong>sulcis,</strong></span> <span class='ocrx_word' id='word_1_47' title='bbox 465 2278 512 2338; x_wconf 94' lang='lat' dir='ltr'><strong>hic</strong></span> <span class='ocrx_word' id='word_1_48' title='bbox 529 2279 702 2356; x_wconf 85' lang='lat' dir='ltr'><strong>generosior</strong></span> 
     </span>
     <span class='ocr_line' id='line_1_14' title="bbox 256 2361 752 2441; baseline 0.004 -21"><span class='ocrx_word' id='word_1_49' title='bbox 256 2361 418 2422; x_wconf 83' lang='lat' dir='ltr'><strong>Desccodat</strong></span> <span class='ocrx_word' id='word_1_50' title='bbox 433 2363 463 2421; x_wconf 94' lang='lat' dir='ltr'><strong>in</strong></span> <span class='ocrx_word' id='word_1_51' title='bbox 481 2381 618 2441; x_wconf 91' lang='lat' dir='ltr'><strong>campum</strong></span> <span class='ocrx_word' id='word_1_52' title='bbox 634 2364 752 2440; x_wconf 86' lang='lat' dir='ltr'><strong>petitor,</strong></span> 
     </span>
     <span class='ocr_line' id='line_1_15' title="bbox 306 2446 769 2524; baseline 0.002 -19"><span class='ocrx_word' id='word_1_53' title='bbox 306 2446 437 2507; x_wconf 91' lang='lat' dir='ltr'><strong>Moribus</strong></span> <span class='ocrx_word' id='word_1_54' title='bbox 454 2447 500 2506; x_wconf 90' lang='lat' dir='ltr'><strong>hic</strong></span> <span class='ocrx_word' id='word_1_55' title='bbox 517 2447 679 2524; x_wconf 82' lang='lat' dir='ltr'><strong>meliorque</strong></span> <span class='ocrx_word' id='word_1_56' title='bbox 695 2450 769 2507; x_wconf 82' lang='lat' dir='ltr'><strong>sama</strong></span> 
     </span>
    </p>
   </div>
   <div class='ocr_carea' id='block_1_8' title="bbox 208 2563 849 2895">
    <p class='ocr_par' dir='ltr' id='par_1_8' title="bbox 208 2563 849 2895">
     <span class='ocr_line' id='line_1_16' title="bbox 208 2563 709 2635; baseline -0.008 -9"><span class='ocrx_word' id='word_1_57' title='bbox 208 2563 383 2635; x_wconf 85' lang='lat' dir='ltr'><strong>Contendat‚</strong></span> <span class='ocrx_word' id='word_1_58' title='bbox 400 2564 441 2623; x_wconf 90' lang='lat' dir='ltr'><strong>iili</strong></span> <span class='ocrx_word' id='word_1_59' title='bbox 457 2563 543 2622; x_wconf 86' lang='lat' dir='ltr'><strong>turba</strong></span> <span class='ocrx_word' id='word_1_60' title='bbox 559 2564 709 2625; x_wconf 86' lang='lat' dir='ltr'><strong>clientium</strong></span> 
     </span>
     <span class='ocr_line' id='line_1_17' title="bbox 208 2648 744 2725; baseline -0.006 -15"><span class='ocrx_word' id='word_1_61' title='bbox 208 2649 253 2710; x_wconf 92' lang='lat' dir='ltr'><strong>Sit</strong></span> <span class='ocrx_word' id='word_1_62' title='bbox 269 2648 378 2708; x_wconf 90' lang='lat' dir='ltr'><strong>maior:</strong></span> <span class='ocrx_word' id='word_1_63' title='bbox 394 2665 486 2725; x_wconf 86' lang='lat' dir='ltr'><strong>aequa</strong></span> <span class='ocrx_word' id='word_1_64' title='bbox 502 2648 567 2725; x_wconf 85' lang='lat' dir='ltr'><strong>lege</strong></span> <span class='ocrx_word' id='word_1_65' title='bbox 581 2649 744 2710; x_wconf 74' lang='lat' dir='ltr'><strong>Necessitas</strong></span> 
     </span>
     <span class='ocr_line' id='line_1_18' title="bbox 256 2732 668 2809; baseline -0.002 -16"><span class='ocrx_word' id='word_1_66' title='bbox 256 2733 386 2793; x_wconf 82' lang='lat' dir='ltr'><strong>Sortitur</strong></span> <span class='ocrx_word' id='word_1_67' title='bbox 401 2732 525 2809; x_wconf 87' lang='lat' dir='ltr'><strong>insignis</strong></span> <span class='ocrx_word' id='word_1_68' title='bbox 541 2743 569 2792; x_wconf 90' lang='lat' dir='ltr'><strong>et</strong></span> <span class='ocrx_word' id='word_1_69' title='bbox 585 2733 668 2806; x_wconf 85' lang='lat' dir='ltr'><strong>imos,</strong></span> 
     </span>
     <span class='ocr_line' id='line_1_19' title="bbox 307 2817 849 2895; baseline 0 -17"><span class='ocrx_word' id='word_1_70' title='bbox 307 2817 403 2878; x_wconf 88' lang='lat' dir='ltr'><strong>Omne</strong></span> <span class='ocrx_word' id='word_1_71' title='bbox 419 2835 510 2895; x_wconf 86' lang='lat' dir='ltr'><strong>capax</strong></span> <span class='ocrx_word' id='word_1_72' title='bbox 526 2828 621 2876; x_wconf 88' lang='lat' dir='ltr'><strong>movet</strong></span> <span class='ocrx_word' id='word_1_73' title='bbox 638 2836 714 2877; x_wconf 90' lang='lat' dir='ltr'><strong>urna</strong></span> <span class='ocrx_word' id='word_1_74' title='bbox 731 2836 849 2878; x_wconf 87' lang='lat' dir='ltr'><strong>nomen.</strong></span> 
     </span>
    </p>
   </div>
   <div class='ocr_carea' id='block_1_9' title="bbox 208 2933 804 3266">
    <p class='ocr_par' dir='ltr' id='par_1_9' title="bbox 208 2933 804 3266">
     <span class='ocr_line' id='line_1_20' title="bbox 208 2933 735 3012; baseline -0.002 -19"><span class='ocrx_word' id='word_1_75' title='bbox 208 2934 371 2994; x_wconf 82' lang='lat' dir='ltr'><strong>Destriotus</strong></span> <span class='ocrx_word' id='word_1_76' title='bbox 387 2934 466 2994; x_wconf 91' lang='lat' dir='ltr'><strong>ensis</strong></span> <span class='ocrx_word' id='word_1_77' title='bbox 482 2934 529 2993; x_wconf 93' lang='lat' dir='ltr'><strong>coi</strong></span> <span class='ocrx_word' id='word_1_78' title='bbox 544 2952 633 3012; x_wconf 87' lang='lat' dir='ltr'><strong>super</strong></span> <span class='ocrx_word' id='word_1_79' title='bbox 648 2933 735 3011; x_wconf 92' lang='lat' dir='ltr'><strong>impia</strong></span> 
     </span>
     <span class='ocr_line' id='line_1_21' title="bbox 208 3018 773 3097; baseline -0.002 -18"><span class='ocrx_word' id='word_1_80' title='bbox 208 3018 326 3079; x_wconf 86' lang='lat' dir='ltr'><strong>Cervioe</strong></span> <span class='ocrx_word' id='word_1_81' title='bbox 341 3019 459 3097; x_wconf 85' lang='lat' dir='ltr'><strong>pendet,</strong></span> <span class='ocrx_word' id='word_1_82' title='bbox 478 3037 538 3078; x_wconf 91' lang='lat' dir='ltr'><strong>non</strong></span> <span class='ocrx_word' id='word_1_83' title='bbox 555 3019 668 3078; x_wconf 82' lang='lat' dir='ltr'><strong>Siculae</strong></span> <span class='ocrx_word' id='word_1_84' title='bbox 684 3019 773 3096; x_wconf 91' lang='lat' dir='ltr'><strong>dapes</strong></span> 
     </span>
     <span class='ocr_line' id='line_1_22' title="bbox 256 3102 745 3182; baseline 0 -20"><span class='ocrx_word' id='word_1_85' title='bbox 256 3102 376 3163; x_wconf 83' lang='lat' dir='ltr'><strong>Dulcem</strong></span> <span class='ocrx_word' id='word_1_86' title='bbox 392 3103 586 3163; x_wconf 81' lang='lat' dir='ltr'><strong>elaborabunt</strong></span> <span class='ocrx_word' id='word_1_87' title='bbox 600 3121 745 3182; x_wconf 82' lang='lat' dir='ltr'><strong>saporem,</strong></span> 
     </span>
     <span class='ocr_line' id='line_1_23' title="bbox 304 3187 804 3266; baseline 0.002 -19"><span class='ocrx_word' id='word_1_88' title='bbox 304 3187 368 3247; x_wconf 92' lang='lat' dir='ltr'><strong>Non</strong></span> <span class='ocrx_word' id='word_1_89' title='bbox 386 3188 481 3248; x_wconf 88' lang='lat' dir='ltr'><strong>avium</strong></span> <span class='ocrx_word' id='word_1_90' title='bbox 497 3189 684 3266; x_wconf 81' lang='lat' dir='ltr'><strong>citharaeque</strong></span> <span class='ocrx_word' id='word_1_91' title='bbox 700 3198 804 3249; x_wconf 87' lang='lat' dir='ltr'><strong>cantus</strong></span> 
     </span>
    </p>
   </div>
   <div class='ocr_carea' id='block_1_10' title="bbox 208 3307 854 3640">
    <p class='ocr_par' dir='ltr' id='par_1_10' title="bbox 208 3307 854 3640">
     <span class='ocr_line' id='line_1_24' title="bbox 208 3307 854 3385; baseline 0.005 -20"><span class='ocrx_word' id='word_1_92' title='bbox 208 3307 352 3366; x_wconf 90' lang='lat' dir='ltr'><strong>Somnum</strong></span> <span class='ocrx_word' id='word_1_93' title='bbox 369 3307 520 3367; x_wconf 87' lang='lat' dir='ltr'><strong>reducent.</strong></span> <span class='ocrx_word' id='word_1_94' title='bbox 552 3307 681 3367; x_wconf 90' lang='lat' dir='ltr'><strong>Somnus</strong></span> <span class='ocrx_word' id='word_1_95' title='bbox 698 3309 854 3385; x_wconf 85' lang='lat' dir='ltr'><strong>agrestium</strong></span> 
     </span>
     <span class='ocr_line' id='line_1_25' title="bbox 208 3390 771 3452; baseline 0.005 -3"><span class='ocrx_word' id='word_1_96' title='bbox 208 3391 296 3451; x_wconf 91' lang='lat' dir='ltr'><strong>Lenis</strong></span> <span class='ocrx_word' id='word_1_97' title='bbox 312 3390 440 3450; x_wconf 89' lang='lat' dir='ltr'><strong>virorum</strong></span> <span class='ocrx_word' id='word_1_98' title='bbox 458 3410 518 3450; x_wconf 93' lang='lat' dir='ltr'><strong>non</strong></span> <span class='ocrx_word' id='word_1_99' title='bbox 535 3391 652 3450; x_wconf 90' lang='lat' dir='ltr'><strong>homilis</strong></span> <span class='ocrx_word' id='word_1_100' title='bbox 669 3393 771 3452; x_wconf 91' lang='lat' dir='ltr'><strong>domos</strong></span> 
     </span>
     <span class='ocr_line' id='line_1_26' title="bbox 257 3475 741 3554; baseline 0.004 -21"><span class='ocrx_word' id='word_1_101' title='bbox 257 3475 378 3536; x_wconf 87' lang='lat' dir='ltr'><strong>Fastidit</strong></span> <span class='ocrx_word' id='word_1_102' title='bbox 393 3476 621 3551; x_wconf 84' lang='lat' dir='ltr'><strong>umbrosamque</strong></span> <span class='ocrx_word' id='word_1_103' title='bbox 638 3476 741 3554; x_wconf 84' lang='lat' dir='ltr'><strong>ripam,</strong></span> 
     </span>
     <span class='ocr_line' id='line_1_27' title="bbox 304 3560 843 3640; baseline 0.002 -20"><span class='ocrx_word' id='word_1_104' title='bbox 304 3560 370 3620; x_wconf 88' lang='lat' dir='ltr'><strong>Non</strong></span> <span class='ocrx_word' id='word_1_105' title='bbox 387 3560 528 3638; x_wconf 84' lang='lat' dir='ltr'><strong>Zephyris</strong></span> <span class='ocrx_word' id='word_1_106' title='bbox 543 3561 648 3637; x_wconf 85' lang='lat' dir='ltr'><strong>agitata</strong></span> <span class='ocrx_word' id='word_1_107' title='bbox 666 3561 786 3640; x_wconf 82' lang='lat' dir='ltr'><strong>Tempe.</strong></span> <span class='ocrx_word' id='word_1_108' title='bbox 803 3595 843 3605; x_wconf 86' lang='lat'><em>-</em></span> 
     </span>
    </p>
   </div>
   <div class='ocr_carea' id='block_1_11' title="bbox 75 3695 280 3703">
    <p class='ocr_par' dir='ltr' id='par_1_11' title="bbox 75 3695 280 3703">
     <span class='ocr_line' id='line_1_28' title="bbox 75 3695 280 3703; baseline -0.01 -1"><span class='ocrx_word' id='word_1_109' title='bbox 75 3695 280 3703; x_wconf 76' lang='lat'><em>——..-.....</em></span> 
     </span>
    </p>
   </div>
   <div class='ocr_carea' id='block_1_12' title="bbox 127 3809 476 3944">
    <p class='ocr_par' dir='ltr' id='par_1_12' title="bbox 127 3809 476 3944">
     <span class='ocr_line' id='line_1_29' title="bbox 162 3809 476 3862; baseline 0.003 -3"><span class='ocrx_word' id='word_1_110' title='bbox 162 3809 172 3859; x_wconf 91' lang='grc' dir='ltr'>Ι</span> <span class='ocrx_word' id='word_1_111' title='bbox 189 3826 213 3860; x_wconf 85' lang='grc' dir='ltr'><strong>υ.</strong></span> <span class='ocrx_word' id='word_1_112' title='bbox 233 3813 248 3862; x_wconf 83' lang='lat'>9</span> <span class='ocrx_word' id='word_1_113' title='bbox 268 3815 323 3862; x_wconf 83' lang='lat' dir='ltr'><strong>esto</strong></span> <span class='ocrx_word' id='word_1_114' title='bbox 341 3813 374 3861; x_wconf 83' lang='lat' dir='ltr'><strong>ei.</strong></span> <span class='ocrx_word' id='word_1_115' title='bbox 392 3813 476 3862; x_wconf 84' lang='lat' dir='ltr'><strong>Bentl.</strong></span> 
     </span>
     <span class='ocr_line' id='line_1_30' title="bbox 127 3902 241 3944; baseline 0 0"><span class='ocrx_word' id='word_1_116' title='bbox 127 3902 241 3944; x_wconf 69' lang='lat' dir='ltr'><strong>Horatius.</strong></span> 
     </span>
    </p>
   </div>
   <div class='ocr_carea' id='block_1_13' title="bbox 0 0 1332 4448">
    <p class='ocr_par' dir='ltr' id='par_1_13' title="bbox 0 0 1332 4448">
     <span class='ocr_line' id='line_1_31' title="bbox 0 0 1332 4448; baseline 0 0"><span class='ocrx_word' id='word_1_117' title='bbox 0 0 1332 4448; x_wconf 95' lang='lat' dir='ltr'><strong> </strong></span> 
     </span>
    </p>
   </div>
  </div>
 </body>
</html>
