2656 4448
511 211 683 263 cardinum
703 210 733 263 lll
750 217 773 264 7.
793 216 815 265 8.

259 383 296 444 Ut
318 383 457 444 Proetum
480 383 586 443 mulier
608 383 718 461 perlida
741 385 892 446 credulum

257 468 348 529 Falsis
371 467 520 546 impulerit
542 467 715 529 criminibus
739 471 825 530 nimis

186 565 214 614 15
300 554 385 614 Casto
408 553 655 631 Bellerophontae

355 639 501 698 Maturare
526 656 628 697 necem
652 638 758 712 relert;

258 757 364 817 Narrat
386 775 480 834 paene
502 757 601 816 datum
624 755 710 819 Pelea
733 755 865 829 Tartaro,

259 841 441 917 Magnessam
464 840 643 919 Hippolyten
668 841 736 899 dum
760 842 835 919 sugit
857 842 1018 916 abstinens,

306 925 343 984 Et
365 944 489 1005 peccare
511 925 645 985 docentis

190 1020 219 1070 ab
347 1010 444 1070 Fallax
466 1010 602 1070 historias
624 1019 730 1069 movet.

261 1129 399 1190 Frustra:
422 1148 490 1189 nam
513 1127 644 1206 scopulis
665 1129 785 1188 surdior
805 1128 880 1188 lcari

263 1214 354 1275 Voces
377 1215 457 1274 audit
479 1215 573 1273 adhuc
597 1212 720 1291 integer.
765 1218 801 1273 At
823 1212 876 1273 tibi

308 1300 350 1358 Ne
373 1300 486 1359 vicinus
508 1297 639 1375 Enipeus

361 1384 429 1444 Plus
451 1384 527 1444 iusto
551 1383 664 1461 placeat
687 1401 764 1455 cave,

191 1512 219 1562 25
263 1501 401 1571 Quamvis
425 1520 485 1561 non
510 1502 583 1562 alius
606 1502 723 1561 llectere
747 1519 855 1578 equum
879 1501 976 1561 sciens

262 1589 363 1663 Aeque
386 1587 569 1665 conspicitur
591 1587 724 1664 gramine
747 1585 851 1645 Martio

310 1673 370 1732 Nec
394 1673 549 1750 quisquam
572 1673 647 1731 citus
670 1689 762 1748 aeque
929 1664 936 1673 '

360 1757 456 1817 Tusco
480 1757 600 1816 denatat
622 1756 719 1816 alveol

263 1875 359 1935 Prima
383 1884 470 1934 nocte
493 1875 614 1934 domum
637 1875 738 1934 claude
762 1892 860 1950 neque
882 1875 912 1933 in
935 1873 994 1933 vias

191 1970 221 2020 30
265 1960 325 2020 Sub
349 1969 437 2019 cantu
462 1961 601 2037 querulae
625 1959 741 2037 despice
766 1959 851 2018 tibiae

312 2044 349 2103 Et
371 2054 399 2104 te
421 2064 508 2123 saepe
531 2045 646 2104 vocanti

363 2130 470 2189 Duram
495 2129 620 2189 difficilis
642 2147 737 2188 mane.

598 2282 748 2289 ——--——

643 2382 706 2441 Vlll

265 2500 377 2561 Martiis
400 2501 514 2561 caelebs
537 2501 608 2579 quid
631 2519 712 2578 agam
737 2499 886 2570 Kalendis,

266 2585 344 2655 Quid
365 2586 457 2645 velint
479 2586 567 2646 dores
590 2596 620 2644 et
642 2604 741 2645 acerra
765 2586 839 2645 turis

265 2669 357 2730 Plena
380 2671 494 2753 miraris
517 2671 690 2749 positusque
713 2669 802 2730 carbo

311 2754 444 2834 Caespite
467 2757 539 2829 vive,

208 2886 222 2934 5
268 2874 360 2935 Docte
384 2893 536 2935 sermones
560 2875 714 2952 utriusque
738 2873 863 2950 linguae.

267 2960 407 3020 Voveram
431 2960 524 3020 dulcis
547 2960 648 3038 epulas
672 2968 700 3019 et
723 2958 821 3017 album

267 3045 373 3104 Libero
397 3062 518 3123 caprum
544 3063 636 3122 prope
659 3045 812 3103 funeratus

312 3129 434 3188 Arboris
457 3130 525 3188 ictu.

268 3246 323 3307 Hic
346 3247 407 3306 dies
429 3266 508 3306 anno
532 3247 676 3305 redeunte
699 3247 791 3304 festus

197 3341 225 3391 10
272 3332 417 3392 Corticem
441 3331 612 3392 adstrictum
637 3330 701 3408 pice
724 3328 881 3388 dimovebit

268 3417 444 3495 Amphorae,
467 3418 579 3476 sumum
605 3415 705 3474 bibere
727 3414 878 3474 institutae

317 3503 443 3562 Consule
466 3502 560 3561 Tullo.

230 3751 270 3802 Vll
282 3770 312 3831 ¹o.
331 3755 363 3803 20
388 3754 484 3818 movet]
509 3753 555 3816 (o):
581 3758 668 3803 monet
698 3752 701 3815 Ι
731 3754 763 3803 22
788 3749 853 3801 ludit
870 3750 1005 3798 Puteanus
1027 3749 1097 3810 (Par.
1123 3750 1218 3812 7900⁸)

139 3837 184 3886 pr·
204 3821 747 3950 sppppptvtvp-c—-mffffitg(ppplprpp'ppp
764 3888 830 3953 pbt'l.
850 3888 889 3946 24,
907 3885 1015 3948 tense:
1035 3883 1111 3933 carbo
1130 3883 1156 3933 in
