2656 4448
129 226 190 284 144

128 665 171 715 130

509 227 697 280 SATlRARUhl
715 229 766 281 16.
786 233 808 281 Ἰ.

214 403 342 463 Pransus
366 421 426 462 non
449 402 541 475 avide,
564 411 708 480 quantum
731 403 901 482 interpellet
923 404 1004 464 inani

213 487 322 547 Ventre
346 486 423 547 diem
445 487 561 560 durare,
586 487 765 548 domesticus
788 488 873 549 otior.
897 523 938 532 —
961 489 1041 549 llaec
1064 498 1112 550 est

214 572 277 632 Vita
300 573 464 632 solutorum
488 573 592 632 misera
615 571 776 632 ambitione
798 574 953 652 gravique;

214 657 267 717 llis
288 675 336 717 me
359 657 499 717 consolor
520 656 666 717 victurum
688 658 804 719 suavius
827 677 860 719 ac
882 659 906 719 si

215 741 361 812 Quaestor
383 761 454 803 avus
478 750 561 820 pater
583 750 671 820 atquc
694 760 777 803 meus
799 753 981 823 patruusque
1003 744 1118 805 luisset.

642 1046 692 1105 Vll

217 1165 378 1244 Proscripti
401 1165 490 1242 Regis
512 1165 611 1244 Rupili
634 1184 691 1244 pus
712 1173 800 1243 atque
822 1182 969 1224 venenum

217 1248 313 1310 ibrida
338 1269 397 1328 quo
420 1260 506 1329 pacto
530 1251 568 1311 sit
589 1250 707 1312 Persius
729 1250 818 1322 ultus,
842 1249 950 1328 opinor
1043 1310 1047 1317 ,

217 1333 361 1396 Omnibus
384 1345 413 1395 et
434 1336 523 1415 lippis
545 1344 648 1395 notum
672 1344 702 1394 et
722 1334 893 1395 tonsoribus
915 1353 988 1395 esse.

218 1418 335 1480 Persius
358 1420 406 1480 hic
428 1439 589 1500 permagna
613 1421 728 1497 negotia
752 1419 830 1480 dives
851 1419 977 1479 habehat

218 1503 407 1579 Clazomenis,
431 1515 460 1566 et
482 1507 539 1565 iam
561 1505 619 1565 litis
641 1523 709 1565 cum
731 1504 812 1581 Rege
834 1505 981 1578 molestas,

216 1589 314 1651 Durus
337 1591 425 1651 homo
448 1600 537 1669 atque
560 1591 627 1651 odio
649 1590 700 1668 qui
722 1598 825 1668 posset
846 1590 964 1650 vincere
986 1589 1108 1666 Regem,

218 1673 385 1748 Confidens,
408 1676 547 1749 tumidus,
570 1676 641 1735 adeo
665 1675 811 1736 sermonis
833 1675 933 1747 amari,

219 1758 369 1834 sisennas,
392 1761 500 1822 Barros
523 1772 555 1821 ut
576 1760 660 1838 equis
682 1769 888 1837 praecurreret
909 1759 991 1820 albis.

217 1845 260 1904 Ad
284 1845 393 1922 Regem
417 1847 516 1910 redeo.
561 1846 719 1922 Postquam
744 1845 817 1903 nihil
839 1846 917 1904 inter
938 1854 1100 1923 utrumque

217 1929 361 1991 Convenit
384 1931 477 1990 -hoc
500 1931 608 1990 etenim
631 1939 702 1990 sunt
725 1948 828 1990 omnes
850 1931 914 1990 iure
937 1930 1063 2004 molesti,

218 2015 283 2084 Quo
306 2016 406 2086 lortcS,
430 2015 538 2093 quibus
560 2016 711 2074 adversum
735 2013 843 2074 bellum
866 2015 984 2075 incidit:
1008 2015 1089 2075 inter

219 2099 344 2159 Hectora
367 2099 544 2170 Priamiden,
568 2100 732 2159 animosum
756 2108 844 2176 atque
866 2100 944 2159 inter
965 2099 1109 2161 Achillem

217 2184 262 2243 lra
286 2184 340 2244 luit
362 2184 502 2262 capitalis,
525 2193 559 2244 ut
580 2185 681 2244 ultima
704 2185 846 2245 divideret
867 2203 955 2256 mors,

216 2269 280 2328 Non
306 2269 391 2328 aliam
414 2269 452 2329 ob
475 2288 603 2342 causam,
628 2269 683 2329 nisi
707 2270 784 2347 quod
808 2271 899 2330 virtus
921 2270 950 2328 in
975 2279 1104 2347 utroque

161 2361 171 2372 '
218 2353 336 2414 Summa
359 2355 430 2429 luit3
453 2356 511 2414 duo
534 2357 558 2416 si
581 2355 725 2415 discordia
748 2366 832 2414 vexet
854 2355 958 2414 inertis

217 2439 275 2499 Aut
296 2441 320 2500 si
343 2439 509 2518 disparibus
532 2440 641 2500 bellum
665 2440 784 2513 incidat,
807 2450 840 2500 ut
862 2439 993 2500 Diomedi

219 2521 290 2584 Cum
316 2525 404 2605 Lycio
429 2525 549 2596 Glauco,
572 2525 702 2586 discedat
723 2525 846 2604 pigrior,
871 2526 948 2585 ultro

217 2610 389 2672 Muneribus
412 2611 507 2671 missis
529 2644 553 2682 -,
577 2610 668 2671 Bruto
691 2619 828 2688 praetore
850 2619 971 2670 tenente

216 2694 311 2754 Ditem
335 2696 441 2769 Asiam,
464 2696 563 2775 Rupili
586 2705 615 2755 et
637 2695 718 2755 Persi
742 2713 795 2773 par
817 2704 940 2773 pugnat,
964 2692 1006 2754 uti
1030 2711 1092 2752 non

218 2779 419 2858 Compositum
443 2781 547 2841 mehus
570 2799 637 2840 cum
661 2780 746 2840 Bitho
770 2780 923 2841 Bacchius.
967 2779 1000 2837 lu
1025 2778 1072 2838 ius

218 2864 308 2925 Acres
330 2875 522 2944 procurrunt,
545 2883 683 2944 magnum
708 2864 907 2944 spectaculum
930 2875 1066 2941 uterque.

217 2950 335 3011 Persius
357 2951 479 3030 exponit
501 2969 634 3024 causam;
657 2951 771 3010 ridetur
793 2950 829 3010 ab
853 2950 934 3009 omni

218 3035 388 3109 Conventu;
411 3036 510 3096 laudat
532 3037 658 3096 Brutum
681 3036 837 3113 laudatque
859 3036 1030 3106 cohortem;

218 3121 315 3179 Solem
339 3121 423 3181 Asiae
446 3121 569 3181 Brutum
592 3121 720 3201 appellat
741 3121 899 3198 stellasque
921 3117 1047 3180 salubris
1127 3113 1128 3117 ’

161 3215 171 3227 ’
216 3205 351 3283 Appellat
374 3206 504 3276 comites,
527 3217 650 3285 excepto
673 3206 766 3284 Rege:
791 3224 894 3266 canem
917 3205 1009 3277 illum,

217 3288 348 3349 lnvisum
372 3290 507 3366 agricolis
530 3291 620 3362 sidus,
644 3292 773 3364 venissc;
797 3290 901 3351 ruebat

217 3373 340 3433 Flumen
364 3385 398 3434 ut
418 3375 586 3447 hibernum,
611 3378 706 3436 fertur
729 3394 787 3453 quo
811 3394 876 3435 rara
899 3374 1023 3436 securis.

217 3459 292 3518 Tum
316 3459 527 3521 Praenestinus
549 3461 624 3521 salso
647 3461 801 3538 multoque
823 3460 927 3522 fluenti

131 3580 196 3588 *-
202 3580 332 3587 --—...-.-

216 3642 248 3694 Vl
265 3661 288 3694 v.
309 3645 357 3696 130
374 3644 488 3694 uicturus
507 3646 541 3708 (ol
558 3644 562 3711 Ι
579 3648 626 3698 131
647 3645 748 3708 luisset]
767 3646 816 3709 tvl:
835 3645 944 3696 luissent

215 3711 257 3763 Vll
275 3728 298 3764 c.
318 3711 441 3774 athrida]
461 3714 495 3774 (v)
519 3711 553 3773 cs.
573 3713 723 3775 Heindorfii
744 3714 806 3764 adn.
831 3715 875 3774 (=
895 3713 950 3766 ΑΚ
966 3709 1030 3778 Ma):
1057 3707 1158 3760 hibrida
1183 3710 1211 3758 at

130 3781 237 3846 hybrida
253 3778 258 3849 Ι
275 3785 288 3832 5
308 3785 335 3831 et
352 3780 402 3832 iam
420 3780 533 3831 Belbina
546 3781 595 3831 H²z
615 3784 692 3833 etiam
707 3781 712 3849 Ι
728 3786 741 3832 'l
760 3781 883 3844 tumidus]
902 3806 936 3825 =
954 3780 1005 3830 Ba:
1023 3775 1207 3847 tumidusque!

132 3851 162 3900 12
182 3848 325 3900 Priamiden
345 3849 486 3899 animosum
512 3848 547 3899 al.
573 3850 576 3916 Ι
603 3855 632 3902 17
651 3850 781 3916 pulchrior
804 3851 808 3915 Ι
832 3850 1042 3914 recompositus
1066 3850 1070 3910 Ι
1095 3848 1128 3899 21
1149 3860 1210 3899 cou-

130 3923 233 3969 currunt
248 3917 253 3985 Ι
269 3920 301 3969 28
318 3916 479 3983 multumque
497 3916 535 3984 (υ)
1140 3922 1143 3926 “
