2656 4448
537 242 708 296 cuuuvuuu
726 244 756 294 lll
774 250 796 297 5.

254 415 284 475 Si
308 434 368 476 non
393 415 504 493 periret
525 414 731 475 inmiserabilis

254 500 372 578 Captiva
396 499 500 577 pubes.
541 493 646 578 ‘Signa
670 517 724 577 ego
748 500 867 560 Punicis

300 585 400 644 Adllxa
424 584 553 644 delubris
575 594 604 644 et
626 601 705 643 arma

351 668 492 734 Militibus
514 669 578 730 sine
602 659 704 728 caede'
731 669 803 728 dixit

251 780 390 864 ‘Derepta
414 787 480 860 vidi,
503 786 559 846 viui
582 804 636 863 ego
660 786 765 846 civium

254 871 377 931 Retorta
400 881 484 949 tergo
506 872 642 930 bracchia
665 870 760 931 libero

301 956 467 1034 Portasque
491 975 552 1016 non
576 957 686 1016 clausas
710 966 739 1015 et
761 973 827 1015 arva

355 1042 447 1101 lllarte
470 1041 525 1100 coli
549 1041 688 1119 populata
714 1049 826 1100 nostro.

256 1159 335 1217 Auro
359 1177 504 1238 repensus
526 1159 639 1220 scilicet
660 1159 756 1217 acrior

255 1242 339 1304 Miles
361 1243 477 1303 redibit.
521 1243 644 1321 Flagitio
667 1242 770 1304 additis

302 1329 464 1402 Damnum;
489 1346 586 1406 neque
609 1327 730 1388 amissos
752 1328 867 1389 colores

353 1412 433 1471 Lana
456 1414 548 1471 refert
570 1411 711 1471 medioata
733 1413 810 1484 luco,

255 1529 315 1588 Nec
337 1529 528 1601 voravimus,
550 1546 618 1588 eum
640 1529 732 1588 semel
753 1530 868 1602 excidit,

256 1613 345 1673 Curat
366 1614 471 1692 reponi
494 1611 714 1673 deterioribus·

303 1698 332 1759 Si
355 1707 468 1777 pugnat
490 1698 628 1757 extricata
652 1697 750 1758 densis

353 1783 442 1844 Cerva
465 1783 569 1861 plagis,
593 1782 649 1841 erit
671 1782 720 1842 ille
742 1782 836 1856 fortis,

258 1900 314 1970 Qui
338 1901 457 1979 perfidis
479 1920 511 1961 se
534 1900 658 1960 credidit
679 1900 821 1975 hostibus,

258 1985 296 2044 Et
318 1986 417 2063 Marte
432 1985 548 2045 Poenos
570 1994 703 2063 proteret
725 1985 828 2059 altero,

304 2070 360 2139 Qui
384 2071 446 2130 lora
468 2070 610 2130 restrictis
632 2070 749 2130 lacertis

297 2159 299 2162 ‘
353 2154 454 2220 Sensit
477 2155 555 2216 iners
578 2155 733 2231 timuitque
756 2165 889 2216 mortem.

257 2272 321 2344 Hic,
346 2273 423 2333 uncle
447 2273 533 2332 vitam
556 2283 686 2333 sumeret
708 2273 828 2347 inscius,

257 2357 362 2417 Pacem
385 2357 481 2418 duello
506 2357 647 2418 miscuit?
671 2378 687 2416 o
711 2360 820 2436 pudorl

306 2442 329 2502 0
353 2461 458 2519 magna
482 2442 634 2518 Carthago,
658 2442 811 2520 probrosis

355 2527 448 2586 Altior
470 2527 568 2587 ltaliae
591 2518 715 2588 ruinisl'

257 2643 363 2703 Fertur
385 2645 508 2723 pudicae
532 2646 667 2724 coniugis
689 2646 822 2706 osculum

259 2728 426 2807 Parvosque
450 2738 534 2790 natos
556 2741 588 2790 ut
611 2731 714 2808 capitis
737 2731 833 2790 minor

304 2814 347 2873 Ab
371 2833 402 2874 se
425 2816 584 2875 removisse
608 2826 637 2874 et
661 2815 769 2874 virilem

355 2899 468 2959 Torvus
490 2901 571 2958 bumi
594 2901 727 2977 posuisse
749 2899 869 2971 voltum,

260 3016 359 3076 Donec
381 3018 506 3077 labantis
529 3017 652 3076 consilio
675 3027 774 3095 patres

258 3099 400 3162 Firmaret
423 3111 526 3162 auctor
548 3120 708 3179 numquam
732 3101 801 3161 alias
824 3103 890 3162 dato

305 3185 445 3264 lnterque
467 3188 626 3247 maerentis
648 3187 757 3247 amicos

352 3271 500 3349 Egregius
523 3281 697 3350 properaret
720 3272 796 3331 oxiil.

258 3389 344 3464 Atqui
367 3389 478 3449 sciebat
500 3409 575 3468 quae
597 3390 652 3450 sibi
676 3390 817 3451 barbarus

258 3471 365 3532 Tortor
387 3484 518 3552 pararet:
541 3494 604 3548 non
628 3475 712 3535 aliter
734 3484 832 3534 tamen

304 3558 430 3618 Dimovit
452 3558 595 3619 obstantis
618 3561 802 3637 propinquos
828 3565 830 3569 ’

357 3643 393 3703 Et
416 3644 557 3722 populum
581 3645 692 3704 reditus
715 3655 879 3704 morantem

220 3774 240 3823 V
260 3794 283 3829 o.
306 3782 333 3829 ll
352 3778 448 3844 perires
465 3777 654 3827 Lachmannus
672 3777 708 3826 ad
724 3777 802 3828 Later.
821 3777 830 3826 l
850 3780 877 3829 ll
900 3775 1011 3841 perirent
1030 3774 1178 3825 Glareanus
1197 3773 1201 3843 Ι

132 3845 161 3894 21
183 3843 301 3911 Derepta]
320 3850 366 3910 lot:
392 3844 490 3910 direpta
512 3845 516 3909 1
539 3847 570 3896 23
590 3845 674 3895 clusas
691 3844 731 3893 Ba
744 3847 779 3907 (o)
801 3846 804 3908 Ι
826 3847 855 3896 37
877 3844 960 3909 aptius
978 3846 1013 3906 (o)
1031 3845 1120 3895 anxins
1139 3844 1204 3894 Jam'

128 3912 170 3976 (0.
189 3911 324 3962 laboriosior
343 3915 394 3965 oba.
414 3916 473 3963 crit.
492 3928 544 3963 soe.
562 3912 622 3962 tat.
640 3912 712 3978 Llps.
731 3931 755 3964 u.
777 3916 840 3966 1839
856 3929 883 3978 p.
904 3915 927 3974 l)
944 3913 993 3975 151
1015 3912 1110 3962 amicos
1128 3912 1163 3976 (ol
