2656 4448
480 226 671 278 SleRARUlll
689 228 707 280 ll
727 231 750 282 6.
1087 233 1149 291 175

158 398 309 477 Numquid
332 398 368 457 de
391 397 476 459 Dacis
498 394 640 460 audistil’
684 393 743 460 ‘Nil
767 392 921 478 equidem?
964 395 1016 464 ‘Ut
1037 415 1068 465 tu

159 485 285 563 Semper
307 482 366 544 eris
388 480 520 544 derisor?
564 478 614 543 ‘At
637 503 740 546 omnes
763 486 791 545 di
815 487 963 566 exagitent
984 506 1041 562 me,

159 571 190 630 si
214 563 391 647 quicquam?
435 561 546 638 ‘Quint
569 569 710 630 militibus
733 572 877 649 promissa
900 572 1054 650 Triquetra
1120 588 1152 637 tt

159 655 282 715 Praedia
306 653 412 714 Caesar
435 673 470 714 an
496 663 540 714 est
562 655 632 714 ltala
655 655 759 715 tellure
784 654 941 717 daturusl'

159 739 310 800 {uraniam
333 757 380 799 me
402 739 477 800 scire
500 740 573 798 nibil
597 740 752 812 mirantur,
778 750 809 801 ut
831 761 924 803 unum

160 825 279 885 Scilicet
301 824 411 903 egregii
434 825 588 884 mortalem
611 825 720 902 altique
743 826 852 886 silenti.

160 909 297 971 Perditur
319 909 391 969 haec
414 909 620 970 intermisero
644 911 693 969 lux
717 930 777 971 non
802 911 866 972 sinc
889 913 979 973 votis:

157 990 196 1055 ‘0
219 1013 280 1067 rus,
303 993 421 1071 quando
444 1012 498 1071 ego
521 1005 550 1054 te
573 995 741 1074 adspiciam,
766 997 944 1075 quandoque
966 997 1067 1060 licebit
1120 1012 1150 1061 uo

158 1080 246 1141 Nunc
269 1088 398 1140 veterum
423 1079 514 1147 libris,
539 1099 619 1140 nuno
642 1099 747 1140 somno
771 1092 799 1142 et
822 1081 966 1144 inertibus
988 1083 1070 1145 horis

159 1165 274 1225 Ducere
297 1164 437 1225 sollicitae
460 1164 590 1224 iucunda
612 1164 716 1225 oblivia
738 1161 850 1227 vitae‘l'

156 1243 194 1311 ‘0
219 1250 338 1327 quando
362 1249 425 1309 saba
450 1249 632 1329 Pythagorae
655 1260 777 1329 cognata
801 1252 947 1330 simulque

159 1334 255 1395 Uncta
278 1335 347 1396 satis
370 1334 472 1414 pingui
495 1345 648 1413 ponentur
670 1335 822 1396 holuscula
845 1333 965 1398 lardol'

160 1419 184 1481 0
209 1429 312 1480 noctes
335 1438 485 1497 cenaeque
509 1420 606 1491 deum,
630 1420 737 1496 quibus
760 1421 822 1499 ipse
845 1423 962 1500 meique
1119 1437 1150 1486 tto

159 1506 236 1564 Ante
259 1505 365 1565 Larem
387 1505 542 1583 proprium
566 1523 668 1565 vescor
689 1523 855 1583 vernasque
877 1509 1011 1584 procacis

158 1590 251 1651 Pasco
275 1589 371 1651 libatis
394 1589 532 1669 dapibusl
556 1599 646 1668 prout
668 1590 775 1668 cuique
797 1591 887 1652 libido
911 1602 964 1665 ost,

160 1675 259 1735 Siccat
280 1674 441 1754 inaequalis
464 1675 569 1735 calices
592 1675 712 1735 conviva
735 1676 848 1736 solutus

161 1759 290 1839 Legibus
312 1761 434 1830 insanis,
458 1779 509 1820 seu
533 1761 599 1836 quis
621 1760 698 1838 capit
720 1761 796 1821 acria
820 1762 904 1822 fortis

160 1845 270 1905 Pocula
291 1864 344 1906 seu
366 1845 490 1905 modicis
512 1846 624 1905 uvescit
645 1845 756 1906 laetius.
801 1845 880 1925 Ergo
1121 1860 1150 1909 tu

160 1931 264 1992 Sermo
288 1931 391 2002 oritur,
416 1950 475 1990 nou
500 1931 535 1990 de
558 1931 632 1991 villis
653 1930 824 1991 domibusve
847 1933 949 1992 alicnis

161 2015 221 2076 Nec
245 2015 321 2076 male
344 2035 439 2075 necne
462 2015 559 2094 Lepos
583 2017 676 2084 saltet,
699 2016 760 2086 sed,
784 2017 862 2094 quod
885 2017 977 2095 magis
999 2018 1033 2077 ad
1059 2037 1113 2080 nos

161 2100 296 2161 Pertinet
317 2111 346 2161 et
369 2101 484 2160 nescire
508 2100 614 2161 malum
639 2111 692 2171 est,
716 2102 868 2179 agitamus,
891 2113 1030 2163 utrumne

162 2185 273 2245 Divitiis
294 2185 432 2246 homines
453 2204 490 2245 an
515 2187 574 2246 sint
595 2187 702 2247 virtute
726 2188 811 2259 beati,

160 2269 272 2340 Quidve
295 2271 330 2329 ad
354 2272 504 2340 amicitias,
531 2291 601 2332 usus
623 2282 786 2343 rectumne,
809 2274 905 2333 trahat
928 2293 991 2346 nos,
1122 2285 1150 2334 tc

159 2354 197 2415 Et
221 2355 355 2433 quaesit
378 2366 480 2416 natura
506 2356 576 2416 boni
600 2376 807 2434 summumque
831 2358 901 2435 quid
924 2360 996 2418 eius
1021 2393 1063 2402 -

160 2439 281 2501 Cervius
303 2441 376 2501 haee
399 2442 476 2501 inter
497 2442 612 2501 vicinus
634 2442 727 2519 garrit
749 2441 834 2501 anilis

161 2525 205 2584 Ex
227 2544 260 2585 re
283 2525 411 2587 fabellas.
457 2527 555 2603 Siquis
580 2545 645 2585 nam
669 2526 766 2585 laudat
789 2525 878 2586 Arelli

160 2610 305 2672 Sollicitas
327 2612 449 2690 ignarus
472 2630 552 2689 opes,
576 2612 618 2671 sic
641 2611 758 2688 incipit:
779 2603 869 2670 ‘Olim

160 2695 299 2756 Rusticus
321 2696 469 2756 urbanum
491 2715 604 2756 murem
629 2715 694 2756 mus
717 2714 846 2776 paupere
869 2697 963 2754 fertur
1121 2706 1151 2756 ab

160 2781 318 2860 Accepisse
340 2800 421 2854 cavo,
444 2793 571 2842 veterem
595 2791 677 2842 vetus
699 2782 807 2859 hospes
831 2781 968 2854 amicum,

160 2867 254 2944 Asper
278 2877 307 2927 et
327 2877 458 2927 attentus
481 2867 629 2945 quaesitis,
652 2877 684 2926 ut
706 2877 804 2926 tumen
827 2875 923 2925 artum

161 2950 295 3011 Solveret
316 2952 451 3029 hospitiis
474 2953 614 3011 animum.
660 2950 736 3021 Quid
760 2948 872 3010 multa?
895 2969 992 3026 neque
1016 2949 1064 3010 ille

161 3036 290 3114 Sepositi
313 3037 416 3098 ciceris
440 3056 496 3097 nec
519 3038 625 3115 longae
648 3036 751 3096 invidit
773 3054 892 3107 avenae,

161 3121 281 3181 Aridum
306 3131 334 3181 et
357 3141 408 3182 ore
432 3122 530 3183 serens
552 3123 669 3182 acinum
693 3139 865 3197 semesaque
887 3119 960 3180 lardi
1123 3129 1151 3181 85

162 3205 266 3266 Frusta
288 3206 377 3277 dedit,
400 3207 524 3286 cupiens
546 3207 623 3266 varin
647 3205 758 3265 lastidin
782 3224 855 3266 cena

161 3290 286 3352 Vincere
309 3294 457 3370 tangentis
481 3293 554 3352 male
578 3292 691 3368 singula
715 3292 804 3351 dente
827 3291 965 3371 superbo,

162 3375 234 3436 Cum
258 3385 342 3456 pater
364 3378 427 3456 ipse
449 3378 555 3438 domus
578 3376 660 3455 palea
684 3386 840 3454 porrectus
863 3377 891 3436 in
916 3377 1010 3436 horna

162 3575 195 3627 Vl
212 3593 236 3627 o.
255 3579 286 3629 61
307 3577 410 3628 miratur
428 3578 462 3642 (o)
483 3580 487 3643 Ι
508 3581 539 3629 68
560 3578 744 3643 egregium.(v)
762 3577 791 3628 M
810 3577 933 3630 18861116
957 3578 960 3644 Ι
985 3579 1017 3628 59
1035 3576 1153 3642 porgitur

86 3645 266 3696 buchananum
293 3661 359 3696 mus.
385 3645 450 3709 pbil.
470 3648 494 3708 3,
520 3648 578 3705 615,
606 3646 643 3694 od
667 3646 748 3696 Lucu.
767 3644 786 3695 11
806 3648 936 3709 auasqq.;
964 3643 1080 3710 proditur
1101 3645 1151 3694 Fr.

86 3714 176 3779 9αιιὶρῃ
203 3714 326 3777 mergitur
352 3713 505 3777 Madvigius
532 3714 590 3763 udo.
611 3715 670 3763 orit.
687 3713 706 3763 ll
725 3716 766 3775 61,
795 3713 824 3764 G.
844 3713 1024 3776 Kruegeruc⁸;
1054 3711 1155 3776 deperit

86 3781 179 3832 uado.
193 3799 217 3834 α.
234 3783 306 3843 1869,
325 3781 376 3842 Ms3
396 3783 451 3832 alia
469 3785 610 3845 praetereo
630 3796 653 3830 o.
673 3797 715 3846 op.
730 3779 926 3846 Kruegerum¹²
941 3796 967 3844 p.
989 3781 1037 3832 196
1055 3781 1058 3846 l
1075 3781 1107 3832 63
1121 3780 1153 3830 si-

86 3849 161 3900 nulve
183 3849 310 3902 Ucanarus
334 3866 401 3902 mus.
427 3850 494 3916 pbil.
514 3851 554 3911 24,
574 3850 623 3899 311
636 3865 673 3913 aq.
700 3847 705 3916 Ι
733 3851 763 3901 61
786 3865 842 3900 cum
867 3854 895 3899 ut
917 3848 988 3898 unda
1014 3863 1098 3910 tcum,
1126 3851 1155 3898 ut

86 3917 162 3967 lenti.
178 3917 183 3985 Ι
200 3922 231 3970 11
251 3918 350 3970 uicinos
