2656 4448
489 237 719 291 EPISTULARUM
736 239 757 292 ii
774 242 797 293 2.
1117 243 1179 302 225

192 411 322 472 Extremi
344 409 518 488 primorum,
542 412 681 472 extremis
703 431 797 492 usque
820 413 944 492 priores.

190 496 257 556 Non
281 516 313 558 es
336 513 453 556 avarus:
476 495 533 555 abi.
579 495 678 567 Quid?
701 506 798 558 cetera
821 499 876 559 ianr
899 499 988 560 simul
1008 499 1063 561 istu
1129 510 1174 561 205

191 581 264 642 Cum
288 581 356 641 vitiu
379 578 504 658 fugere?
526 591 607 642 earet
628 581 682 642 tibi
705 591 809 661 peetus
831 584 913 644 inani

193 662 384 726 Ambitione?
408 674 488 725 caret
510 666 612 727 mortis
634 667 792 728 formidine
815 677 844 729 et
865 666 930 729 irai

193 751 323 824 Somnia,
346 749 475 811 terreres
498 751 635 829 magicos,
661 752 809 824 miracula,
832 771 924 832 seges,

191 836 360 896 Nocturnos
383 835 510 896 lemures
532 844 728 916 portentaque
750 837 889 899 Thessala
911 837 1011 901 rides?

192 921 300 981 Netelis
322 929 404 1000 grate
429 919 588 982 numeras?
610 922 739 1000 ignoscis
762 921 886 984 amieis?
1134 935 1176 987 210

193 1005 302 1066 Lenior
325 1013 354 1066 et
376 1004 480 1066 melier
502 1007 536 1067 tis
557 1008 717 1076 accedente
739 1006 878 1068 seneete‘i

193 1090 270 1161 Quid
292 1099 321 1151 te
343 1099 478 1169 exempta
500 1091 579 1152 iuvat
600 1091 693 1171 spinis
716 1091 751 1152 de
775 1093 909 1171 pluribus
932 1091 1014 1154 une?

194 1174 295 1236 Vivere
318 1175 445 1236 sirecte
468 1177 574 1250 neseis,
597 1177 706 1237 decede
729 1178 839 1256 peritis.

191 1257 299 1321 Lusisti
321 1261 399 1334 setis,
423 1259 507 1322 edisti
530 1261 599 1323 setis
621 1268 708 1340 atque
732 1261 847 1337 bibisti;

191 1344 321 1423 Tempus
343 1346 424 1406 abire
449 1345 501 1406 tibi
524 1355 577 1418 est,
601 1365 638 1407 ne
662 1356 764 1426 petum
788 1347 896 1425 largius
918 1366 1013 1428 aequo
1135 1357 1179 1408 tte

192 1428 294 1489 Rideat
317 1441 346 1490 et
367 1431 465 1510 pulset
486 1430 591 1492 lascive
615 1431 767 1492 decentius
789 1441 877 1493 aetas.

110 1548 311 1560 -———-

191 1611 210 1663 ii
228 1629 252 1667 υ.
271 1615 319 1665 205
339 1613 400 1680 quid
413 1619 507 1677 cetere,
525 1609 645 1732 atpiw'i
660 1613 795 1666 formidine
808 1614 896 1667 dirae?
915 1614 944 1666 L.
958 1613 1074 1680 Spengel
1081 1614 1178 1679 philol.

109 1683 148 1745 18,
166 1681 216 1734 363
229 1697 267 1747 sq.
286 1681 439 1734 formidine?
467 1680 547 1746 Diras,
595 1721 601 1733 .
622 1681 743 1733 Schmidt
759 1684 851 1737 horaz.
869 1684 973 1734 niterer
990 1682 1047 1734 Jen.
1069 1684 1133 1736 1874
1149 1699 1176 1749 p.

106 1752 152 1810 66;
169 1751 194 1800 ei
211 1751 366 1801 coniectura
386 1765 453 1816 opus
470 1753 536 1800 erret
545 1747 715 1815 praeferrem
733 1749 886 1802 tormidine?
905 1751 958 1803 dire
973 1749 978 1818 Ι
995 1751 1043 1804 208
1056 1755 1176 1813 terrores,

44 1868 46 1871 ,
107 1818 219 1884 magicos
238 1820 272 1869 al.
288 1819 292 1884 Ι
309 1819 358 1870 212
377 1818 447 1870 leuet
465 1817 533 1868 Bere
549 1819 585 1884 (υ)
601 1821 605 1882 Ι
621 1820 670 1872 216
689 1817 809 1870 licentius
827 1817 862 1887 (υ)
