2656 4448
456 969 863 1072 CARMEN

561 1171 758 1226 SAEGULARE.

249 1340 367 1405 Phoebe
390 1344 587 1421 silvarumque
610 1352 717 1423 potens
739 1346 839 1427 Dione,

249 1429 393 1491 Lucidum
416 1429 487 1489 caeli
510 1430 609 1502 decus,
631 1449 648 1490 o
672 1431 788 1492 colendi

249 1515 374 1595 Semper
395 1522 425 1575 et
447 1514 526 1587 culti,
548 1514 613 1574 date
637 1534 711 1593 quoe
733 1534 890 1594 precamur

325 1601 473 1679 Tempore
495 1616 588 1671 sacro,

251 1719 317 1790 Quo
340 1717 476 1797 Sibyllini
498 1735 641 1777 monuere
664 1736 766 1778 versus

250 1804 386 1882 Virgines
410 1803 498 1862 lectus
521 1821 691 1880 puerosque
715 1812 810 1864 castos

250 1889 310 1962 Dis,
334 1887 442 1966 quibus
464 1897 578 1965 septem
601 1888 740 1965 placuere
762 1889 860 1962 colles,

328 1973 431 2032 Dicere
455 1989 585 2031 carmen.

251 2091 333 2150 Alme
356 2090 416 2164 Sol,
439 2108 528 2150 curru
552 2090 644 2150 nitido
668 2090 744 2150 diem
769 2091 819 2168 qui

251 2175 365 2236 Promis
388 2184 417 2236 et
440 2174 517 2235 colas
540 2174 673 2253 aliusque
696 2183 725 2237 et
747 2176 822 2235 idem

250 2260 395 2334 Nosceris,
418 2260 513 2339 possis
537 2260 610 2320 nihil
632 2262 706 2321 urbe
728 2260 820 2320 Romo

327 2346 427 2407 Visere
449 2345 557 2405 moiusl

251 2464 317 2527 Rite
339 2474 469 2525 moturos
492 2465 607 2543 aperire
629 2473 731 2543 partus

250 2549 350 2622 Lenis,
374 2549 496 2630 ilithyia,
519 2558 603 2610 tuere
626 2559 743 2623 matres,

253 2635 319 2696 Sive
342 2645 375 2695 tu
397 2635 509 2695 Lucina
532 2635 641 2713 probas
663 2634 759 2694 vocari

328 2722 385 2782 Seu
409 2718 565 2780 Genitalis:

251 2838 331 2913 Diva,
354 2839 501 2918 producas
523 2837 655 2897 subolem
679 2844 855 2916 patrumque

252 2923 413 3002 Prosperes
435 2923 551 2983 decreto
574 2940 663 3000 super
685 2920 821 3000 iugandis

251 3006 382 3069 Feminis
404 3008 555 3086 prolisque
578 3025 669 3067 novae
692 3007 781 3067 lernci

188 3103 216 3153 20
329 3093 408 3171 Lege
430 3093 543 3164 marito,

253 3209 357 3272 Certus
379 3210 514 3271 undenos
535 3208 655 3270 deciens
676 3228 730 3288 per
751 3226 846 3268 annos

254 3296 341 3358 Orbis
363 3307 396 3356 ut
418 3304 523 3356 contus
545 3295 712 3372 referatque
735 3293 820 3353 ludos

253 3381 312 3441 Ter
334 3381 381 3442 die
403 3381 482 3441 claro
504 3380 673 3456 totiensque
697 3387 777 3456 grata

329 3467 422 3527 Nocte
444 3465 616 3544 frequentis.

126 3621 329 3631 ———-—

211 3767 233 3802 o.
253 3754 269 3803 4
287 3751 370 3818 prisco
388 3767 412 3802 o.
437 3751 454 3802 l.
478 3754 510 3799 ut
534 3751 589 3801 oid.
618 3767 634 3799 o
661 3752 757 3814 Porpu.
786 3748 871 3799 allata
898 3749 902 3813 Ι
931 3750 1027 3813 5quo]
1054 3747 1102 3810 (v):
1131 3747 1202 3814 quod

127 3824 169 3880 (=
187 3820 245 3883 ΒΟ)
264 3824 290 3868 et
307 3833 372 3886 quos
387 3818 391 3884 Ι
409 3820 439 3872 16
458 3817 600 3885 Genetyllis
618 3818 704 3868 Bentl.
721 3819 725 3883 l
742 3820 773 3869 23
792 3815 949 3883 totidemque
