2656 4448
468 236 699 300 EPISTULARUM
717 237 727 290 l
746 241 786 293 18.
807 242 846 292 19.
1132 234 1193 295 209

137 463 140 466 ,
204 411 382 488 'luterisque
405 419 456 472 tuo
478 410 617 471 fidentem
641 410 802 489 praesidio;
827 412 876 489 qui

207 496 302 556 Dente
325 495 481 556 Theonino
505 513 572 555 cum
596 495 834 568 circumfoditur,
858 495 963 573 ecquid

206 580 251 640 Ad
273 589 302 641 te
323 593 392 659 post
413 580 511 659 paullo
534 588 658 641 ventura
681 581 811 659 pericula
833 578 947 641 sentis?

205 665 279 727 Nam
302 673 350 726 tua
373 684 421 726 res
443 665 547 742 agitur,
572 665 669 744 paries
691 683 760 726 cum
782 665 934 744 proximus
955 666 1047 737 ardet,

209 749 247 810 Et
269 751 402 828 neglecta
424 751 522 811 solent
544 751 679 811 incendia
703 767 820 811 sumere
842 750 920 810 viris.
945 785 982 794 -
1165 759 1195 808 85

208 834 307 895 Dulcis
331 836 492 914 inexpertis
515 835 630 895 cultura
652 835 783 915 potentis
805 835 899 908 amici,

208 919 355 999 Expertus
377 921 490 982 metuit.
534 920 590 994 Tu,
614 921 683 981 dum
706 928 755 980 tua
779 920 860 981 navis
882 920 912 980 in
935 919 993 980 alto
1017 927 1071 992 est,

209 1004 272 1065 Hoc
294 1023 357 1083 age,
382 1024 419 1065 ne
442 1014 551 1066 mutata
574 1015 736 1066 retrorsum
759 1013 788 1065 te
811 1006 885 1065 ierat
906 1022 986 1066 aura.

208 1089 344 1151 Oderunt
365 1089 488 1151 hilarem
511 1090 608 1151 tristes
630 1091 804 1168 tristemque
827 1090 928 1162 iocosi,

208 1174 350 1235 Sedatum
372 1176 493 1249 celeres,
516 1175 620 1253 agilem
642 1193 809 1253 navumque
831 1175 960 1250 remissi;

210 1259 333 1321 Potores
355 1259 449 1322 bibuli
471 1261 565 1321 media
587 1261 624 1321 de
647 1269 735 1321 nocte
757 1259 876 1320 Falerni

208 1343 347 1406 Oderunt
368 1355 504 1424 porrecta
527 1355 685 1424 negantem
707 1346 823 1424 pocula,
846 1344 978 1424 quamvis

209 1429 381 1491 Nocturnos
403 1431 483 1492 iures
505 1440 533 1491 te
556 1430 714 1492 formidare
736 1439 864 1508 tepores.
944 1486 949 1496 .

209 1514 300 1576 Deme
322 1515 479 1594 supercilio
503 1515 628 1577 nubeml
651 1515 828 1594 plerumque
850 1516 1001 1576 modestus

208 1600 345 1680 Occupat
366 1600 485 1661 obscuri
507 1601 645 1680 speciem,
670 1600 834 1661 taciturnus
857 1599 965 1660 acerbi.
1169 1608 1198 1658 95

210 1684 293 1745 lnter
315 1694 422 1746 cuncta
444 1685 525 1764 leges
547 1694 576 1746 et
599 1686 815 1764 percontabere
837 1685 949 1757 doctos,

211 1769 275 1840 Oua
298 1770 412 1831 ratione
435 1789 525 1848 queas
546 1772 701 1833 traducere
723 1770 829 1830 leniter
851 1788 964 1841 aevum,

211 1855 288 1915 Num
310 1865 339 1915 te
361 1872 479 1934 semper
501 1856 588 1935 inops
610 1856 700 1934 agitet
722 1866 864 1932 vexetque
887 1855 1005 1933 cupido,

211 1939 288 2000 Num
311 1959 402 2020 pavor
424 1949 454 2001 et
476 1959 575 2002 rerum
599 1941 787 2002 mediocriter
809 1940 924 2000 utilium
947 1958 1024 2019 spes,

211 2024 355 2085 Virtutem
378 2026 510 2087 doctrina
532 2035 618 2106 paret
639 2036 783 2087 naturane
804 2025 905 2099 donet,
1157 2032 1201 2083 111)

210 2109 291 2179 Ouid
313 2110 427 2172 minuat
449 2130 545 2187 curas,
567 2112 638 2191 quid
660 2120 689 2172 te
711 2111 763 2172 tibi
786 2111 888 2171 reddat
909 2109 1045 2182 amicum,

211 2194 288 2265 Ouid
312 2214 387 2275 pure
410 2197 590 2275 tranquillet,
613 2198 709 2258 honos
730 2215 768 2257 an
791 2197 876 2257 dulce
899 2196 1036 2258 lucellum

208 2281 255 2339 Aa
279 2289 425 2341 secretum
449 2282 506 2342 iter
529 2291 558 2342 et
580 2283 706 2343 fallentis
729 2282 830 2343 semita
853 2282 937 2342 vitae.

211 2364 257 2424 Me
281 2366 420 2444 quotiens
442 2366 538 2426 reiicit
560 2366 673 2445 gelidus
696 2366 830 2444 Digentia
853 2367 941 2439 rivus,

209 2449 307 2520 Quom
330 2450 462 2510 blaudela
485 2449 568 2524 bibit
548 2459 719 2529 trugosus
741 2450 851 2528 frigore
874 2467 976 2528 pagus,
1158 2457 1200 2507 105

210 2533 290 2604 Ouid
312 2534 424 2596 sentire
446 2532 555 2612 putas?
578 2534 648 2613 quid
671 2533 775 2608 credis,
799 2534 901 2608 amice,
923 2530 1061 2613 precari?

207 2611 267 2679 ‘Sit
288 2618 369 2693 mibi,
393 2619 472 2698 quod
496 2638 578 2681 nuno
601 2629 654 2693 est,
677 2620 765 2680 etiam
787 2619 896 2693 minus,
920 2618 1043 2680 etmihi
1066 2617 1157 2678 vivam

209 2704 297 2775 Ouod
321 2713 457 2784 superest
478 2706 550 2779 aevi,
573 2705 669 2783 siquid
692 2723 846 2784 superesse
868 2705 972 2766 volunt
993 2704 1031 2776 di,

213 2789 256 2850 Sit
278 2788 357 2850 bona
379 2790 523 2851 librorum
545 2800 574 2852 et
596 2791 729 2869 provisae
753 2789 875 2868 lrugis
868 2809 898 2851 1n
923 2807 1036 2849 anuum

212 2872 302 2952 Copia
325 2893 385 2936 neu
408 2875 520 2937 fluitem
542 2874 648 2937 dubiae
670 2893 722 2955 spe
745 2875 893 2955 pendulus
914 2864 1022 2935 horae?
1159 2883 1202 2933 tto

213 2958 272 3019 Sed
294 2959 364 3021 satis
386 2970 431 3022 est
453 2979 537 3022 orare
560 2962 667 3034 lovem,
690 2960 740 3039 qui
763 2961 849 3039 pouit
870 2969 900 3020 et
922 2961 1026 3034 aufert,

214 3044 269 3105 Det
292 3045 388 3120 vitam,
412 3047 461 3107 det
483 3066 572 3130 opes3
594 3064 720 3125 aequum
745 3045 784 3106 mi
806 3045 938 3106 animum
960 3044 1023 3125 ipse
1046 3042 1165 3122 parabo.

632 3298 700 3360 xlx

216 3414 318 3477 Prisco
341 3418 366 3478 si
388 3418 494 3491 credis,
518 3418 672 3480 Maecenas
695 3419 790 3491 docte,
814 3416 942 3492 Cratino,

214 3500 301 3562 Nulla
322 3501 438 3583 placere
461 3502 511 3562 diu
534 3521 589 3564 nec
611 3504 706 3565 vivere
729 3503 858 3564 carmina
881 3514 1016 3583 possunt,

214 3651 294 3705 XVlll
310 3670 335 3704 υ.
354 3655 385 3706 81
405 3655 503 3703 metuet
519 3651 523 3718 Ι
539 3653 571 3704 91
589 3656 598 3716 ]
617 3657 706 3703 emetat
722 3655 752 3703 ira
770 3651 819 3720 (u):
838 3669 888 3704 om.
907 3669 939 3715 u,·
955 3669 988 3703 ne
1000 3650 1204 3716 interpolatoris

127 3720 291 3772 liberalitati
319 3722 446 3774 debeatur
464 3723 571 3772 veretur
587 3720 690 3780 Bontl.;
710 3723 736 3784 []
758 3721 850 3772 Oroll.³
868 3720 913 3771 ΟΕ
927 3720 977 3772 ΑΚ
998 3721 1032 3772 al.
1051 3718 1086 3781 cf.
1106 3719 1134 3771 V
1147 3718 1204 3770 ind.

127 3789 187 3841 leet.
207 3788 269 3841 Bor.
287 3794 352 3840 aest.
372 3805 397 3841 a.
418 3790 484 3843 1886
501 3804 528 3854 p.
545 3790 576 3841 12
588 3804 644 3854 sqq.
660 3789 664 3852 Ι
680 3792 711 3842 91
724 3805 762 3853 sq.
781 3789 1034 3852 [bibuli-oderant]
1051 3790 1204 3848 Pottierim,

128 3857 280 3908 Meiaedius
298 3857 358 3922 HM,
376 3862 406 3908 at
424 3854 459 3917 ef.
481 3857 509 3909 V
522 3856 538 3908 l.
558 3856 595 3922 11
613 3858 661 3909 102
680 3860 724 3906 aut
736 3857 854 3907 Kecdius
871 3873 901 3910 ac
913 3856 1089 3922 Sebaetziust
1109 3859 1154 3908 ltl'l
1169 3858 1205 3918 et]

127 3930 157 3978 ut
172 3925 177 3991 Ι
195 3927 241 3978 111
263 3940 328 3992 quae
343 3925 348 3992 Ι
363 3925 442 3978 donat

180 4008 293 4051 Horatius.
969 4012 1001 4063 14
