2656 4448
466 197 728 288 ’333333133331
748 239 788 290 14.
808 239 847 289 15.
1130 233 1191 293 201

208 407 291 478 Quae
312 407 406 487 possit
427 407 480 468 tibi
505 427 559 469 nec
582 408 721 468 meretrix
743 409 873 482 tibicina,
897 409 982 470 cuius
1165 420 1193 472 25

207 492 250 552 nd
273 493 428 572 strepitum
451 493 535 554 salias
557 503 653 554 terrae
675 495 786 571 gravis3
809 503 838 554 et
859 503 956 555 tamen
980 513 1068 574 urges

208 577 394 656 iampridem
407 596 467 638 non
490 587 567 639 tacta
589 579 740 658 ligonibus
761 597 828 640 arva
851 579 1015 658 bovemque

208 663 394 724 Disiunctum
417 680 502 723 curas
524 672 554 723 et
576 664 683 725 strictis
706 663 862 725 frondibus
885 665 999 744 exples;

207 747 295 808 Addit
317 766 392 826 opus
415 748 499 826 pigro
522 749 611 820 rivus,
635 749 659 810 si
681 749 789 810 decidit
811 749 914 822 imber,

208 832 299 894 Multa
321 833 398 893 mole
421 833 573 894 docendus
594 835 695 913 aprico
718 852 841 914 parcere
862 843 956 915 prato.
979 869 1021 878 -
1166 845 1194 895 30

209 917 295 978 Nunc
317 935 380 995 age,
404 917 475 996 quid
499 928 633 980 nostrum
657 928 835 980 concentum
859 919 974 991 dividat,
996 920 1078 981 audi:

126 1045 132 1056 ,
209 1002 302 1073 Quem
327 1012 432 1064 tenues
455 1004 581 1065 decuere
603 1013 688 1084 togae
712 1004 856 1083 nitidique
878 1005 984 1084 capilli,

208 1087 302 1158 Quem
326 1088 384 1149 sois
405 1088 557 1149 inmunem
582 1089 704 1150 Cinarae
726 1090 872 1168 placuisse
894 1090 1001 1170 rapaci,

208 1173 303 1244 Quem
325 1172 457 1233 bibulum
480 1173 582 1252 liquidi
606 1175 700 1234 media
723 1176 759 1235 de
782 1175 848 1236 luce
871 1175 998 1248 Falerni,

208 1259 286 1322 Cena
309 1257 405 1319 brevis
427 1259 506 1318 iuvat
528 1267 557 1318 et
578 1278 673 1339 prope
696 1260 788 1321 rivum
812 1279 935 1322 somnus
958 1261 988 1320 in
1012 1259 1113 1333 berba,
1165 1268 1194 1318 aa

208 1345 269 1406 Nec
292 1344 398 1405 lusisse
418 1343 518 1422 pudet,
542 1345 592 1404 sed
617 1363 676 1405 non
701 1345 832 1405 incidere
854 1346 966 1406 ludum.

208 1431 273 1492 Non
297 1429 362 1490 istic
385 1428 506 1507 obliquo
529 1430 616 1490 oculo
638 1447 702 1489 mea
726 1432 877 1490 commoda
902 1431 1056 1508 quisquam

208 1515 312 1587 Limat,
336 1533 396 1575 non
421 1515 487 1575 odio
511 1513 638 1575 obscuro
661 1531 821 1593 morsuque
843 1523 979 1588 venenat,

208 1600 317 1661 Rident
337 1599 425 1660 ricini
448 1598 567 1677 glaebas
588 1608 619 1660 et
640 1618 708 1660 saxa
731 1608 906 1660 moventem.

209 1686 283 1747 Cum
305 1685 395 1746 serris
417 1684 530 1744 urbana
554 1684 643 1744 diaria
667 1685 772 1745 rodere
794 1686 893 1758 mavis,
1166 1692 1195 1744 4ο

209 1773 323 1833 Horum
345 1778 378 1830 tu
400 1770 431 1830 in
456 1788 612 1831 numerum
635 1778 703 1830 roto
726 1770 795 1840 ruis,
819 1770 929 1830 invidet
950 1787 1037 1830 usum

209 1857 371 1936 Lignorum
395 1864 425 1914 et
445 1855 563 1932 pecoris
585 1854 639 1915 tibi
662 1855 725 1915 3313
748 1865 869 1934 argutus
893 1865 922 1915 31
943 1854 1031 1915 horti.

209 1943 299 2021 Optat
321 1940 457 2020 ephippia
480 1940 534 2001 bos
556 1939 649 2018 piger,
673 1950 755 2019 optat
777 1958 859 2001 arare
882 1940 1027 2014 caballus3

210 2027 305 2096 Quam
328 2026 383 2087 3311
405 2033 539 2104 uterque,
563 2025 667 2098 libens,
691 2025 830 2098 censebo,
853 2032 989 2087 exerceat
1011 2032 1113 2084 artem.

632 2313 682 2372 XV

175 2495 177 2501 ,
210 2434 292 2503 Quae
315 2432 353 2494 sit
375 2431 468 2491 biems
492 2430 597 2502 Veliae,
621 2428 700 2508 quod
723 2430 845 2503 caelum,
870 2431 948 2502 Vala,
972 2430 1095 2504 Salerni,

210 2518 343 2589 Quorum
370 2515 524 2576 bominum
553 2515 634 2593 regio
658 2523 687 2574 31
709 2514 802 2592 qualis
824 2514 869 2574 via
891 2547 905 2559 ·
929 2532 997 2575 nam
1018 2515 1089 2575 mibi
1112 2513 1196 2574 Baias

210 2603 290 2664 Musa
314 2618 510 2682 supervacuas
532 2599 689 2672 Antonius,
713 2607 861 2659 ettamen
885 2599 941 2660 11113

210 2688 257 2749 113
280 2688 349 2748 13311
371 2685 507 2760 invisum,
530 2685 623 2764 gelida
647 2702 714 2744 cum
736 2684 858 2765 perluor
880 2684 958 2745 unda

210 2773 267 2834 Per
289 2772 418 2833 medium
440 2771 543 2850 frigus.
589 2771 665 2831 Sane
688 2777 813 2831 murteta
836 2769 963 2848 relinqui
1181 2779 1196 2828 1

210 2858 353 2936 Dictaque
376 2865 539 2918 cessantem
562 2855 659 2916 nervis
682 2855 790 2916 elidere
813 2855 948 2915 morbum

212 2943 338 3022 Sulpura
361 2942 512 3004 contemni
534 2941 615 3001 vicus
637 2941 735 3020 gemit,
758 2940 874 3000 invidus
896 2939 1000 3018 aegris,

211 3027 267 3098 Qui
292 3037 380 3108 caput
403 3035 432 3088 et
453 3026 637 3088 stomachum
660 3043 831 3104 supponere
853 3024 986 3085 lontibus
1008 3023 1118 3083 audent

211 3112 338 3175 Clusinis
361 3112 528 3191 Gabiosque
551 3120 657 3190 petunt
680 3119 709 3172 et
731 3110 836 3188 frigida
859 3128 939 3169 rura.

211 3198 369 3260 Mutandus
390 3198 473 3259 locus
495 3204 591 3258 estet
613 3195 777 3257 deversoria
800 3203 870 3254 3313
1170 3203 1197 3253 10

211 3283 465 3362 Praeteragendus
487 3300 589 3360 equus.
631 3274 711 3351 ‘Quo
734 3277 853 3340 tendis?
877 3298 937 3339 non
961 3278 1033 3339 mibi
1056 3278 1162 3339 Cumas

212 3368 264 3430 Est
285 3369 341 3430 iter
364 3377 414 3429 aut
436 3363 528 3429 baias’
552 3367 630 3427 laeva
654 3366 857 3427 stomachosus
880 3364 994 3425 habena

210 3454 295 3515 Dicet
315 3471 420 3534 eques;
443 3452 495 3515 sed
517 3452 585 3530 equi
607 3452 722 3512 frenato
745 3459 790 3512 est
812 3450 891 3511 auris
913 3451 942 3511 in
967 3467 1017 3511 ore
1039 3465 1069 3523 -3

127 3576 208 3584 ——-..
221 3577 314 3582 ...—

212 3655 302 3708 llle.
315 3658 347 3709 25
360 3658 449 3722 posset
464 3653 468 3720 Ι
484 3655 517 3706 39
529 3669 568 3718 eq.
579 3657 734 3706 moventem.
761 3651 824 3701 Cum
834 3650 915 3700 servis
927 3649 1032 3712 urbana]
1045 3673 1078 3693 =
1088 3649 1197 3712 Parnm:

127 3731 273 3777 moventem
292 3739 347 3775 eum
367 3722 455 3774 servis.
474 3720 574 3772 Urbana
594 3719 697 3779 31149
716 3719 809 3770 cibaria
832 3720 836 3778 l
857 3719 890 3768 43
909 3716 965 3780 bos,
982 3717 1054 3782 piger
1072 3721 1145 3782 optat
1163 3715 1197 3767 31.

214 3791 261 3842 XV
279 3809 303 3843 o.
325 3794 356 3845 12
374 3789 469 3841 Baias?
502 3788 532 3839 11.
549 3787 677 3837 Doncder
703 3789 707 3850 1
737 3789 767 3838 13
792 3798 872 3851 equus
899 3783 1025 3836 11111331
1048 3800 1110 3835 ann.
1133 3785 1197 3849 pail

128 3863 185 3926 119,
204 3862 236 3913 69
248 3877 300 3926 sq.;
319 3859 349 3911 ll.
366 3859 494 3909 Duncder
516 3857 581 3908 ibid.
603 3857 660 3919 129,
679 3858 709 3906 51
722 3871 778 3920 sqq.
797 3853 866 3919 equi]
889 3869 913 3906 o.
933 3851 959 3904 V
974 3853 1030 3904 irad.
1050 3851 1198 3905 1331113331.

126 3931 178 3980 bib.
197 3946 221 3980 a.
242 3930 349 3994 resep.
370 3930 414 3978 10:
433 3927 506 3993 equis
524 3927 560 3990 (3)
