2656 4448
126 233 188 290 156
530 234 720 287 SATlRARUbl
738 235 758 287 ll
776 238 800 288 2.

212 404 341 483 Aegrum
364 405 500 466 sollicitat
521 407 714 480 stomachum,
738 425 805 467 cum
828 407 930 488 rapula
952 408 1059 488 plenus

212 492 307 568 atque
331 490 428 552 acidas
450 493 557 551 mavolt
579 493 683 553 inulas.
726 493 860 553 Necdum
883 495 979 555 omnis
1002 493 1102 555 abacta

213 574 372 655 Pauperies
395 576 489 654 epulis
512 595 629 655 regum;
654 595 720 636 nam
743 577 850 638 vilibus
872 579 933 639 ovis

212 660 370 738 Nigrisque
393 670 439 722 est
461 661 533 722 oleis
556 661 644 722 hodie
668 662 760 723 locus.
805 663 890 722 Haud
912 664 951 723 ita
972 665 1088 741 pridem

213 744 329 805 Galloni
352 747 509 825 praeconis
532 758 594 807 erat
616 748 788 826 acipensere
810 765 912 809 mensa

212 830 342 891 lnlamis.
371 829 471 902 Quint
488 840 549 891 tum
567 831 707 893 rhombos
722 833 821 894 minus
837 852 948 912 aequor
963 831 1080 895 alebat?

215 915 309 976 Tutus
331 924 394 976 erat
416 917 559 978 rhombus
581 926 705 995 tutoque
729 918 843 978 ciconia
868 918 947 991 nido,

214 999 317 1060 llonec
340 1021 391 1062 vos
414 1013 517 1062 auctor
540 1003 640 1062 docuit
662 1003 837 1081 praetorius.
881 1002 961 1082 Ergo

214 1084 313 1163 Siquis
336 1105 417 1147 nunc
440 1105 557 1166 mergos
579 1087 675 1148 suavis
698 1087 822 1147 edixerit
844 1106 934 1159 assos,

214 1169 333 1231 Parcbit
354 1172 437 1249 pravi
461 1172 564 1233 docilis
586 1173 719 1232 Romana
742 1173 889 1234 iuventus.
912 1209 954 1218 —

214 1254 357 1317 Sordidus
380 1275 396 1316 a
419 1259 500 1317 tenui
524 1258 602 1318 victu
626 1257 753 1331 distabit,
777 1257 872 1318 Ofello

213 1339 328 1414 ludice;
353 1361 421 1402 nam
445 1343 552 1402 frustra
573 1343 678 1403 vitium
701 1343 835 1403 vitaveris
857 1343 938 1415 illud,

216 1425 247 1485 Si
268 1435 297 1486 te
320 1427 377 1488 alio
400 1446 522 1507 pravum
545 1428 713 1489 detorseris.
758 1427 926 1499 Avidienus,

215 1510 269 1571 Cui
292 1511 378 1574 Canis
402 1532 437 1572 ex
460 1532 528 1573 vero
552 1513 674 1574 ductum
697 1531 863 1591 cognomen
888 1512 1034 1586 adhaeret,

214 1595 425 1676 Quinquennis
448 1599 527 1659 oleas
549 1607 593 1659 ost
616 1609 645 1658 ct
667 1597 809 1659 silvestria
832 1616 933 1670 corna,

213 1683 254 1742 xlc
277 1683 333 1744 nisi
356 1692 499 1744 mutatum
523 1683 618 1763 parcit
640 1683 802 1744 defundere
824 1684 925 1742 vinum
948 1692 978 1742 et

214 1765 304 1828 Cuius
327 1770 449 1830 odorem
473 1769 529 1829 olei
552 1787 682 1846 nequeas
704 1768 846 1846 perferre,
869 1768 970 1828 licebit

215 1851 266 1913 llle
289 1854 412 1933 repotia,
437 1855 541 1915 natalis
564 1854 671 1914 aliosve
694 1852 808 1914 dierum

215 1937 317 1999 Festos
339 1937 453 1999 albatus
476 1938 614 2010 celebret,
639 1956 733 1998 cornu
756 1938 819 2018 ipse
842 1936 942 1998 bilibri

215 2021 352 2084 Caulibus
375 2024 504 2096 instillat,
527 2024 633 2083 veteris
657 2042 716 2083 non
741 2041 849 2101 parcus
871 2023 955 2084 aceti.

215 2106 301 2176 Quali
324 2108 413 2186 igitur
435 2108 512 2168 victu
535 2108 655 2186 sapiens
678 2116 777 2168 utetur
799 2107 956 2168 ethorum

216 2191 322 2252 Utrum
339 2191 522 2254 imitabitur?
546 2193 608 2252 Hac
625 2203 711 2270 urget
726 2193 823 2272 lupus,
839 2192 894 2252 bac
910 2193 1000 2266 canis,
1016 2192 1109 2255 aiunt.

217 2276 345 2339 Mundus
368 2278 423 2338 erit
446 2296 502 2356 qua
527 2297 587 2338 non
613 2278 743 2338 ollcndat
765 2278 901 2338 sordibus
924 2287 1012 2356 atque

216 2361 249 2422 ln
274 2372 410 2424 neutram
433 2372 548 2442 partem
571 2363 668 2423 cultus
691 2364 789 2423 miser.
834 2362 888 2422 llio
912 2382 1009 2442 neque
1032 2364 1132 2438 servis,

217 2449 321 2508 Albuci
343 2449 423 2510 senis
446 2449 589 2527 exemplo,
613 2448 681 2508 dum
705 2449 804 2508 munia
828 2448 908 2521 didit,

215 2534 324 2594 Saevus
346 2534 402 2594 erit
425 2552 480 2594 nec
502 2534 554 2606 sic,
577 2544 610 2592 ut
631 2534 756 2612 simplex
778 2533 911 2606 Naevius,
933 2543 1054 2594 unctam

216 2619 351 2680 Convivis
366 2620 521 2697 praebebit
536 2637 656 2697 aquam;
672 2620 774 2679 vitium
789 2619 845 2678 boc
862 2637 982 2697 quoque
997 2635 1146 2696 magnum.
1163 2653 1204 2664 —

217 2705 325 2782 Accipe
350 2723 440 2777 nunc,
463 2705 557 2764 victus
579 2704 678 2765 tenuis
702 2722 775 2782 quae
800 2713 967 2782 quantaque
990 2722 1091 2766 secum

217 2789 344 2852 Adferat.
390 2790 422 2850 ln
447 2789 549 2868 primis
570 2789 663 2850 valeas
687 2790 779 2861 bene;
804 2807 870 2848 nam
894 2790 989 2850 variae
1010 2808 1058 2850 res

217 2873 255 2933 Ut
277 2883 406 2934 noceant
428 2874 550 2948 bomini,
574 2875 684 2948 credas,
708 2892 822 2934 memor
844 2874 922 2935 illius
945 2893 1037 2947 escae,

216 2958 298 3028 Quae
321 2959 445 3038 simplex
468 2959 536 3019 olim
559 2959 614 3019 tibi
635 2960 759 3032 sederit3
785 2968 814 3019 at
835 2959 923 3020 simul
946 2959 1017 3021 assis

216 3043 370 3105 Miscueris
394 3045 477 3116 elixa,
502 3045 588 3105 simul
612 3044 764 3124 conchylia
787 3044 890 3119 turdis,

216 3127 318 3188 1131313
340 3148 371 3189 33
394 3130 425 3190 13
449 3129 537 3190 bilem
560 3138 676 3189 vertent
699 3130 909 3208 stomachoque
932 3130 1090 3190 tumultum

218 3211 311 3272 Lenta
335 3214 409 3273 feret
430 3215 544 3291 pituita.
590 3214 685 3287 Vides,
709 3223 740 3275 ut
763 3215 889 3293 pallidus
911 3215 1007 3275 omnis

219 3296 298 3356 Cena
321 3297 460 3375 desurgat
482 3297 592 3359 dubia?
616 3300 687 3377 quin
712 3318 820 3379 corpus
843 3309 983 3360 onustum

217 3381 371 3442 Hesternis
393 3384 469 3444 vitiis
492 3384 623 3444 animum
647 3403 766 3462 quoque
788 3394 962 3465 praegravat
982 3403 1044 3444 una

216 3467 312 3545 Atque
335 3468 436 3547 adtigit
457 3470 547 3529 humo
571 3469 685 3529 divinae
707 3471 881 3548 particulam
904 3488 1007 3545 aurae3

133 3559 161 3611 80
219 3552 313 3626 Alter,
333 3553 384 3613 ubi
408 3554 486 3615 dicto
509 3554 595 3615 citius
617 3563 718 3615 curata
741 3557 840 3635 sopori

130 3687 335 3697 —-———

222 3787 389 3842 1113481333
404 3788 407 3856 Ι
424 3805 534 3856 aequora
545 3790 647 3842 alebant
662 3791 666 3855 Ι
683 3794 900 3852 503331311--3
914 3790 929 3840 Ι.
943 3792 1105 3856 3311333133
1124 3791 1209 3845 uictor

131 3857 226 3921 Porplt.
250 3856 254 3922 Ι
277 3860 309 3910 53
328 3857 442 3920 distabit]
461 3861 508 3920 tvl:
527 3857 638 3910 distabat
658 3860 662 3925 Ι
683 3863 715 3912 55
733 3873 828 3926 prauus
845 3861 880 3922 (a)
897 3861 901 3921 Ι
916 3857 1067 3910 Aufidienus
1084 3860 1121 3924 (a)
1140 3858 1206 3928 11131

132 3926 165 3974 56
184 3924 298 3987 ductum]
316 3949 349 3968 =
367 3927 415 3976 13⁰:
434 3925 599 3993 (1131313164
618 3929 687 3978 33313
706 3928 776 3993 angit
792 3927 827 3990 (v)
842 3929 847 3992 Ι
863 3929 895 3979 65
914 3928 957 3994 qui
