2656 4448
526 231 715 283 snrlssnnulr
733 232 742 282 Ι
761 236 784 284 5

207 403 249 463 Ad
272 423 402 482 pugnam
425 422 542 463 venere.
587 403 671 463 Prior
694 397 897 464 Sarmentus‘
903 405 971 483 equi
994 382 1023 465 te
1083 422 1085 428 ·

207 489 279 550 Esse
303 489 357 548 leri
380 489 503 549 similem
527 478 611 548 dico'
659 489 810 561 Ridemus‚
834 491 948 568 etipse

205 566 357 634 Messius
361 563 500 653 accipio,
523 582 610 673 caput
633 583 662 633 et
682 582 788 633 movet.
831 567 881 646 ‘‚0
904 584 953 634 tua
977 594 1072 636 cornu

205 658 239 719 Ni
263 660 340 719 loret
361 666 478 720 exsecto
500 647 602 728 frons,³
629 659 726 736 inquit
744 651 829 736 ‘quid
853 660 973 755 laceres,
997 679 1064 721 cum

206 743 397 804 Sicmutilus
420 733 611 818 minitarisl'3
635 744 726 803 atilli
749 744 833 803 loeda
857 745 976 804 cicatrix
1167 758 1195 806 66

208 828 357 888 Saetosam
379 829 450 888 laevi
474 829 602 888 lrontem
626 838 795 907 turpaverat
817 830 885 888 oris

209 913 421 992 Campanum
414 933 444 973 m
467 913 644 985 morbum,
638 932 668 972 m
692 915 796 974 faciem
819 914 963 991 permulta
987 915 1109 986 iocatus,

207 997 357 1058 Pastorem
381 998 500 1059 saltaret
522 999 564 1057 nti
588 998 714 1077 Cyclopa
736 997 874 1077 rogabat:

205 1082 252 1143 Nil
274 1084 314 1143 illi
337 1083 414 1143 larva
439 1091 489 1142 aut
510 1083 629 1161 tragicis
652 1102 726 1162 opus
750 1103 813 1145 esse
837 1084 999 1144 cothurnis.

206 1166 296 1227 Multa
320 1168 448 1229 Cicirrus
470 1167 505 1227 ad
528 1167 616 1227 haec:
640 1168 779 1229 donasset
801 1169 898 1228 iamne
922 1178 1055 1228 catenam
1168 1180 1196 1228 65

206 1252 250 1312 Ex
272 1262 338 1313 voto
361 1251 496 1325 Laribus,
520 1252 696 1330 quaerebat3
720 1252 816 1314 scriba
841 1254 918 1330 quod
943 1263 1028 1326 esset,

205 1337 271 1397 Nilo
294 1338 423 1398 deterius
445 1337 580 1397 dominae
603 1339 648 1397 ius
671 1356 751 1410 esse3
774 1338 895 1416 rogabat

207 1422 351 1500 Denique,
376 1440 429 1482 cur
451 1440 591 1500 umquam
614 1423 746 1500 fugisset,
770 1424 817 1482 cui
840 1424 911 1483 satis
933 1441 992 1483 una

207 1506 305 1568 Farris
327 1507 400 1567 libra
424 1508 509 1577 soret,
532 1507 634 1585 gracili
657 1508 699 1567 sic
722 1517 840 1584 tamque
863 1507 981 1585 pusillo.

208 1591 333 1653 Prorsus
355 1593 485 1653 iucunde
508 1610 611 1652 cenam
634 1593 825 1670 producimus
848 1592 936 1650 illam,
961 1625 997 1634 -
1169 1604 1197 1651 το

207 1676 368 1738 Tendimus
390 1677 461 1737 hinc
483 1686 563 1736 recta
587 1676 799 1748 beneventum,
825 1674 874 1735 ubi
898 1676 1018 1736 sedulus
1041 1676 1148 1757 hospes

206 1760 304 1821 Paene
328 1780 441 1821 macros
464 1764 535 1821 arsit
558 1761 627 1821 dum
651 1763 752 1822 turdos
773 1771 870 1821 versat
892 1761 921 1820 in
947 1761 1023 1837 igni;

206 1846 279 1906 Nam
301 1865 371 1925 vaga
391 1865 445 1925 per
467 1856 594 1906 veterem
619 1847 732 1925 dilapso
756 1847 871 1906 damma
895 1845 1023 1906 culinam

209 1930 339 1992 Volcano
362 1950 510 1993 summum
533 1933 713 2011 properabat
735 1930 865 1991 lambere
887 1940 1015 1991 tectum:

209 2015 350 2077 Convivas
373 2017 472 2077 avidos
496 2036 601 2077 cenam
624 2036 785 2095 servosque
807 2017 938 2077 timentis
1120 2026 1122 2031 ’
1170 2026 1198 2074 ’15

208 2100 283 2162 'lum
306 2120 410 2179 rapere
434 2110 521 2179 atque
544 2103 642 2164 omnis
665 2103 850 2183 restinguere
872 2101 945 2162 velle
966 2101 1090 2161 videres.

210 2185 316 2265 Incipit
339 2206 374 2246 ex
396 2187 446 2246 illo
469 2187 579 2248 montis
601 2189 706 2267 Apulia
730 2199 816 2248 notos

211 2269 368 2366 Ostentare
390 2272 470 2342 mihi,
495 2290 569 2349 quos
591 2282 684 2368 torret
706 2273 849 2333 Atabulus
871 2281 900 2330 et
919 2289 997 2364 'quos

210 2441 282 2501 Villa
307 2440 468 2518 recepisset
490 2439 645 2499 lacrimoso
669 2460 729 2499 non
753 2442 817 2500 sine
840 2441 931 2510 fumo,
1169 2447 1197 2497 86

209 2525 289 2586 Udos
312 2543 379 2584 cum
403 2524 480 2582 loliis
503 2541 599 2583 ramos
621 2534 728 2584 urente
750 2524 876 2583 camino.

208 2610 263 2670 Hic
286 2627 341 2686 ego
364 2608 537 2668 mendacem
560 2608 749 2669 stultissimus
772 2625 865 2684 usque
888 2606 1016 2684 puellam

209 2695 253 2754 Ad
276 2693 401 2753 mediam
425 2701 544 2753 noctem
567 2703 721 2772 exspect03
745 2710 868 2753 somnus
890 2701 988 2750 tamen
1013 2690 1107 2750 aulert

209 2780 361 2839 lntentum
383 2777 506 2852 Veneri;
529 2787 592 2837 tum
614 2778 758 2839 inmundo
782 2776 896 2838 somnia
919 2776 982 2835 visu

100 2886 106 2895 ·
209 2865 390 2924 Nocturnam
413 2872 522 2922 vestem
546 2865 695 2925 maculant
716 2873 910 2938 ventremque
932 2860 1082 2938 supinum.
1170 2869 1198 2918 85

210 2949 357 3020 Quattuor
378 2948 447 3007 hinc
470 2949 602 3026 rapimur
624 2949 726 3027 viginti
749 2959 779 3008 et
802 2946 878 3005 milia
902 2946 1011 3017 raedis

210 3033 341 3094 Mansuri
364 3033 515 3111 oppidulo,
539 3034 619 3111 quod
640 3052 728 3094 versu
750 3032 848 3093 dicere
872 3050 933 3090 non
957 3041 1009 3103 est,

211 3119 309 3198 Signis
333 3118 471 3197 perfacile
495 3129 554 3193 est;
576 3120 658 3179 venit
680 3119 817 3179 vilissima
839 3134 939 3176 rerum

210 3203 264 3264 Hic
287 3222 371 3280 aqua,
395 3203 444 3263 sed
469 3205 553 3281 panis
576 3205 663 3282 longe
686 3202 913 3282 pulcherrimus,
936 3202 1013 3262 ultra

210 3288 336 3348 Callidus
359 3296 391 3347 ut
413 3287 504 3347 soleat
527 3289 637 3349 umeris
660 3298 780 3367 portare
802 3288 903 3346 viator.
1169 3293 1199 3342 90

210 3373 284 3433 Nam
307 3373 415 3433 Canusi
438 3373 587 3451 lapidosus
609 3409 625 3418 -
648 3393 740 3452 aquae
764 3392 824 3432 non
848 3372 937 3431 ditior
959 3390 1034 3430 urna
1057 3404 1080 3442 -‚

211 3458 268 3528 Qui
290 3458 373 3517 locus
396 3475 412 3516 a
434 3459 504 3517 lorti
527 3459 665 3520 Diomede
689 3469 733 3519 est
757 3457 893 3517 conditus
916 3456 995 3516 olim.

212 3709 233 3758 V
252 3726 274 3760 v
294 3712 325 3762 60
344 3709 486 3773 miniteris!
509 3710 538 3759 61
559 3723 622 3757 nuni
641 3708 736 3758 saetosi
753 3708 878 3758 laevam?
900 3706 904 3769 1
927 3706 990 3757 levis
1013 3709 1045 3759 oi.
1062 3704 1113 3755 ΑΚ
1127 3703 1196 3755 saevi

126 3780 159 3830 A.
180 3779 308 3829 Weidner
325 3794 387 3827 ann
404 3778 470 3841 pbil.
497 3778 557 3836 135,
577 3777 626 3826 283
647 3774 700 3841 164
718 3776 795 3826 barba
816 3774 918 3858 161165
938 3775 1025 3824 cicerri
1043 3771 1079 3832 cf.
1097 3789 1120 3822 v
1139 3771 1196 3836 511

128 3848 159 3898 67
179 3845 274 3897 domini
298 3853 302 3911 1
327 3849 358 3898 91
378 3848 404 3908 1]
424 3846 527 3906 uenat·
521 3814 585 3894 nile
602 3845 645 3906 (=
661 3843 731 3893 stud
749 3845 811 3894 Hor
829 3841 888 3896 me'l.
909 3842 952 3892 Gr.
972 3841 1044 3892 Ilom.
1057 3840 1087 3891 lll
1106 3843 1154 3892 705
1173 3856 1197 3891 a

129 3916 206 3974 18'll;
226 3915 265 3965 ed.
284 3930 308 3965 α.
329 3915 393 3966 1819
409 3930 436 3979 p
456 3912 521 3977 11111,
540 3917 569 3963 at
587 3910 622 3971 cf.
641 3911 666 3960 H
683 3927 770 3976 opusc.
790 3912 909 3974 llblsq.
