2656 4448
451 233 681 286 EPISTULARUM
699 233 709 286 Ι
728 236 768 290 ta.
789 237 829 289 ta.
885 294 889 300 .
1118 235 1179 294 199

192 409 313 470 Divitiae
336 417 478 488 poterunt
499 406 611 485 regales
634 406 741 468 addere
763 407 866 468 maius.

121 534 126 542 =
192 495 224 556 Si
246 496 323 556 forte
344 493 374 554 in
398 492 493 553 medio
516 492 682 571 positorum
704 492 863 552 abstemius
885 491 986 554 herbis

193 579 271 642 Vivis
292 587 321 640 et
344 578 446 652 urtica,
468 577 511 638 sio
532 577 609 638 vives
630 579 777 656 protinus,
801 586 833 637 ut
854 585 884 636 te

194 664 354 727 Confestim
377 661 507 741 liquidus
529 661 679 722 Fortunae
702 662 782 722 rivus
804 662 931 735 inauret,

192 749 244 810 Vel
267 749 335 828 quia
359 757 491 809 naturam
514 758 627 807 mutare
649 747 775 826 pecunia
799 746 895 807 noscit
1152 757 1180 808 to

192 834 244 895 Vel
267 834 334 913 quia
358 842 464 894 cuncta
486 840 572 911 putas
596 850 655 893 una
676 831 782 892 virtute
805 831 929 892 minora.
953 865 995 877 -

194 920 345 992 Miramur,
367 918 391 978 si
415 918 573 978 Democriti
596 936 687 996 pecus
710 916 770 977 edit
791 916 902 995 agellos

193 1004 344 1083 Cultaque,
366 1002 436 1062 dum
458 1020 584 1082 peregre
607 1012 652 1063 est
673 1003 790 1062 animus
811 1001 875 1062 sine
898 1019 1024 1080 corpore
1046 1001 1139 1076 velox,

194 1089 265 1152 Cum
290 1100 321 1150 tu
344 1087 421 1148 inter
442 1086 569 1148 scabiem
593 1096 704 1148 tantam
727 1097 756 1147 et
778 1086 913 1165 contagia
935 1087 1009 1148 lueri

192 1175 240 1235 Nil
261 1191 383 1254 parvum
405 1173 501 1252 sapias
524 1182 553 1232 et
574 1172 668 1232 adhue
691 1171 826 1232 sublimia
849 1190 949 1233 cures:
1153 1181 1181 1231 to

193 1259 275 1331 Quae
297 1276 377 1319 mare
398 1268 589 1337 compescant
612 1275 726 1329 causae,
749 1257 818 1335 quid
842 1266 988 1336 temperet
1009 1275 1132 1330 annum,

193 1344 300 1405 Stellae
322 1350 429 1423 sponte
450 1361 503 1404 sua
525 1343 661 1403 iussaene
683 1351 827 1419 vagentur
849 1353 879 1402 et
902 1352 1012 1415 errent,

195 1430 272 1500 Quid
293 1437 410 1508 premat
431 1426 590 1489 obscurum
612 1427 710 1500 lunae,
734 1428 803 1504 quid
825 1428 966 1506 proterat,
990 1427 1102 1500 orbem,

194 1513 270 1585 Quid
292 1513 362 1574 velit
383 1522 412 1573 et
434 1513 527 1592 possit
548 1530 649 1573 rerum
672 1511 831 1572 concordia
854 1510 976 1586 discors,

194 1598 389 1679 Empedocles
410 1616 448 1658 an
473 1597 646 1658 Stertinium
669 1596 773 1657 debret
794 1594 943 1656 acumen?
965 1632 1006 1641 —
1153 1605 1183 1656 te

193 1683 303 1746 Verum
326 1701 379 1745 seu
401 1683 490 1761 piscis
511 1700 564 1742 seu
586 1699 708 1762 porrum
732 1690 761 1741 et
782 1698 871 1759 oaepe
893 1681 1031 1754 trucidas,

193 1768 282 1830 Utere
304 1768 444 1847 Pompeio
467 1766 604 1845 Grospho
627 1776 657 1827 et
678 1765 774 1845 siquid
797 1774 877 1843 petet
902 1766 978 1827 ultro

194 1853 297 1928 Deser3
320 1852 362 1914 nil
385 1852 539 1932 Grosphus
561 1852 618 1913 nisi
639 1869 742 1912 verum
765 1850 861 1911 orabit
883 1859 912 1912 et
934 1867 1070 1928 aequum.

194 1938 265 2000 Vilis
286 1938 447 1998 amicorum
471 1946 516 1998 est
537 1955 666 2011 annona,
688 1937 776 1997 bonis
799 1935 850 1996 ubi
873 1935 944 2015 quid
967 1937 1057 1998 deest.
1082 1967 1122 1978 -

193 2023 237 2084 Ne
257 2033 356 2085 tamen
380 2024 508 2101 ignores,
533 2041 591 2101 quo
614 2024 651 2084 sit
673 2022 806 2083 Romana
827 2022 894 2083 loco
917 2039 980 2083 res:
1087 2034 1089 2040 ’
1152 2029 1182 2080 ab

195 2107 341 2169 Cantaber
362 2110 518 2188 Agrippae,
542 2108 642 2169 Claudi
664 2109 771 2169 virtute
793 2106 920 2168 Neronis

193 2194 352 2255 Armenius
375 2194 494 2268 cecidit;
516 2192 562 2254 ius
585 2194 801 2274 imperiumque
824 2192 963 2254 Phraates

195 2278 326 2341 Caesaris
348 2279 461 2357 accepit
483 2277 610 2355 genibus
632 2280 745 2352 minor;
768 2295 855 2337 aurea
879 2280 979 2356 fruges

195 2365 293 2426 ltaliae
314 2363 404 2443 pleno
427 2362 561 2422 defundit
584 2362 673 2442 Copia
697 2380 801 2422 cornu.

610 2646 678 2707 Xlll

196 2767 232 2829 Vt
252 2767 490 2848 proficiscentem
512 2765 599 2826 docui
623 2774 651 2825 te
674 2782 761 2843 saepe
783 2764 902 2841 diuque,

195 2851 329 2931 Augusto
352 2853 456 2914 reddes
477 2852 590 2931 signata
613 2850 769 2922 volumina,
794 2849 869 2925 Vini,

196 2937 227 2998 Si
249 2937 369 3013 validus,
392 2937 415 2997 si
438 2937 530 2998 laetus
552 2937 617 3007 erit,
640 2936 664 2996 si
687 2934 816 3012 denique
838 2943 955 3014 poscet;

195 3022 238 3082 Ne
260 3022 357 3083 studio
381 3023 475 3083 nostri
496 3039 603 3101 pecces
625 3020 785 3097 odiumque
806 3018 913 3080 libellis

196 3107 322 3169 Sedulus
344 3108 486 3187 importes
509 3125 597 3186 opera
619 3114 754 3166 vomente
778 3103 920 3165 minister.

196 3191 227 3252 Si
249 3204 277 3253 te
301 3194 376 3253 sorte
398 3211 480 3253 meae
502 3192 597 3269 gravis
618 3199 685 3252 uret
706 3189 821 3251 sarcina
844 3189 971 3263 chartae,

198 3277 313 3338 Abicite
336 3278 435 3358 potius
458 3295 545 3356 quam
568 3296 627 3356 quo
650 3277 783 3356 perferre
806 3274 917 3336 iuberis

198 3360 323 3423 Clitellas
345 3363 426 3426 serus
447 3363 594 3442 impingas
616 3361 781 3439 Asinaeque
804 3369 959 3440 paternum

198 3447 369 3525 Cognomen
391 3458 488 3509 vertas
510 3450 540 3509 in
565 3448 656 3509 risum
679 3457 708 3507 et
729 3445 825 3506 sabula
848 3447 908 3506 fias.

196 3530 314 3593 Viribus
337 3533 427 3594 uteris
449 3551 504 3610 per
526 3533 623 3606 clivos,
647 3532 778 3604 flumina,
801 3531 905 3603 lamas3

196 3616 297 3678 Victor
318 3617 463 3697 propositi
484 3616 572 3677 simul
594 3634 627 3676 ae
649 3615 819 3694 perveneris
842 3615 920 3687 illuc,

111 3771 315 3780 -..—-—

198 3852 240 3903 Xll
257 3869 282 3904 o.
301 3854 333 3904 29
351 3851 450 3904 deludit
467 3866 482 3900 o
501 3846 623 3900 defundet
641 3849 700 3899 H·P
714 3864 809 3901 mnan.
828 3864 855 3900 n.
873 3866 893 3899 s.
916 3851 954 3910 14,
974 3850 1024 3900 309

200 3920 252 3972 ΧΙΙΙ
269 3937 294 3971 υ.
313 3921 328 3971 2
345 3918 413 3982 Vini]
431 3920 467 3981 to)
490 3916 654 3982 Torrentius,
672 3933 728 3981 agn:
747 3916 818 3967 uiuni
