2656 4448
134 237 197 296 210

512 240 743 294 EPISTULARUM
760 243 770 294 l
789 246 828 296 19.

222 412 304 483 Quae
326 412 500 474 scribuntur
522 433 614 492 aquae
636 415 802 495 potoribus.
847 415 885 476 Ut
906 417 981 476 male
1003 435 1093 480 sanos

220 497 381 577 Adscripsit
403 498 491 560 Liber
514 499 625 578 Satyris
647 499 816 578 Faunisque
838 512 949 579 poetas,

222 582 293 642 Vina
316 584 379 643 lere
402 583 502 644 dulces
525 583 665 645 oluerunt
686 603 773 644 mane
797 584 955 660 Camenae3

221 667 370 729 Laudibus
392 669 525 748 arguitur
547 669 606 728 vini
628 669 749 730 vinosus
772 669 932 744 Homerns;

220 753 335 813 Ennius
357 754 420 832 ipse
442 763 526 832 pater
548 772 710 832 numquam
734 755 790 815 nisi
813 765 900 834 potus
922 755 957 814 ad
981 774 1060 816 arma

220 837 359 898 Prosiluit
381 838 514 898 dicenda.
553 831 677 924 fForum
701 839 859 917 putealque
882 839 1004 902 Libonis

220 922 365 984 Mandabo
387 923 482 990 siccis,
506 922 630 983 adimam
653 934 771 984 cantare
794 920 935 1000 severis3'

219 1007 283 1068 lloc
306 1008 393 1069 simul
415 1009 500 1082 edixi,
523 1027 585 1068 non
609 1027 759 1070 cessavere
783 1020 886 1088 poetae

218 1093 372 1153 Nocturna
396 1103 509 1153 certare
531 1111 623 1166 mero,
645 1104 749 1172 putere
772 1094 889 1154 diurno.

219 1176 320 1247 Quid?
343 1178 434 1256 siquis
456 1178 536 1238 voltu
558 1188 642 1238 torvo
664 1180 745 1240 lerus
767 1190 796 1239 et
817 1180 892 1257 pede
915 1179 996 1240 nudo

218 1262 409 1341 Exiguaeque
431 1273 516 1342 togae
539 1263 656 1324 simulet
678 1273 791 1324 textore
815 1262 966 1336 Catonem,

218 1347 403 1409 virtutemne
425 1359 628 1427 repraesentet
649 1366 807 1426 moresque
830 1347 970 1410 Catonis?

220 1432 310 1512 Rupit
332 1432 467 1493 Iarbitam
492 1433 662 1512 Timagenis
684 1434 798 1494 aemula
820 1434 930 1512 lingua,

219 1518 295 1578 Dum
317 1519 415 1579 studet
436 1518 569 1579 urbanus
591 1518 745 1596 tenditque
768 1519 895 1579 disertus
917 1520 1029 1580 haberi.

217 1602 333 1682 Decipit
355 1603 504 1683 exemplar
526 1604 602 1664 vitiis
624 1603 779 1676 imitabile3
804 1604 907 1682 quodsi
1065 1613 1066 1616 ’

218 1688 361 1749 Pallerem
385 1707 464 1761 casu,
488 1688 625 1748 biberent
647 1707 795 1766 exsangue
817 1689 978 1748 cuminum.

219 1772 242 1833 0
267 1774 438 1846 imitatores,
461 1793 577 1834 servum
600 1792 701 1852 pecus,
724 1783 757 1834 ut
778 1773 849 1833 mihi
872 1792 959 1853 saepe

217 1858 319 1930 Bilem,
343 1877 430 1937 saepe
453 1859 550 1919 iocum
574 1859 661 1919 vestri
684 1877 802 1918 movere
823 1859 981 1919 turnultus!
1006 1893 1047 1902 -

216 1943 321 2003 Libera
344 1962 541 2022 pervacuum
565 1943 651 2022 posui
675 1943 793 2022 vestigia
816 1944 963 2022 princeps

217 2028 282 2087 Non
307 2028 401 2088 aliena
423 2047 489 2089 meo
514 2028 608 2106 pressi
631 2029 714 2106 pede.
759 2028 816 2099 Qut
838 2029 893 2089 sibi
915 2029 994 2099 fidet,

217 2112 282 2172 Dux
304 2125 388 2190 reget
410 2132 543 2173 examen.
587 2113 688 2173 Parios
710 2132 764 2191 ego
788 2114 900 2191 primus
922 2113 1036 2174 iambos

217 2196 339 2258 Ostendi
363 2197 455 2271 Latio,
480 2215 621 2258 numeros
643 2198 816 2275 animosque
839 2210 958 2259 secutus

214 2282 391 2355 Archilochi,
417 2302 477 2343 non
501 2301 548 2343 res
571 2293 601 2343 et
621 2282 737 2361 agentia
758 2284 846 2343 verba
870 2282 1049 2362 Lycamben.

215 2369 257 2428 Ac
281 2386 318 2427 nc
341 2385 388 2427 me
410 2368 488 2430 loliis
509 2368 575 2429 ideo
598 2365 783 2428 brevioribus
804 2387 901 2439 ornes,

216 2453 302 2524 Quod
325 2453 409 2514 timui
432 2465 546 2515 mutare
567 2454 671 2513 modos
695 2463 724 2513 et
746 2453 885 2513 carminis
906 2463 1009 2524 artem,

215 2537 373 2617 Temperat
395 2539 563 2600 Archilochi
586 2557 699 2599 musam
723 2538 797 2617 pede
820 2539 947 2598 mascula
971 2537 1101 2615 Sappho,

214 2622 373 2702 Temperat
395 2624 527 2697 Alcaeus,
551 2625 601 2685 sed
624 2624 713 2684 rebus
735 2635 764 2682 et
787 2623 890 2683 ordine
913 2623 1021 2701 dispar,

214 2709 276 2768 Nec
298 2727 434 2769 socerum
458 2709 580 2787 quaerit,
604 2727 691 2786 quern
716 2707 847 2768 versibus
869 2705 981 2767 oblinat
1001 2708 1082 2781 atris,

215 2793 276 2853 Nec
298 2812 425 2871 sponsae
448 2794 586 2872 laqueum
609 2796 723 2854 famoso
746 2793 876 2852 carmine
900 2794 999 2853 nectit.

215 2877 304 2939 Hune
327 2896 391 2956 ego,
415 2898 476 2939 non
501 2880 557 2939 alio
581 2880 691 2940 dictum
713 2878 796 2957 prius
819 2896 880 2951 ore,
904 2877 1028 2938 Latinus

216 2962 333 3042 Volgavi
355 2963 473 3025 fidicen.
519 2964 601 3024 luvat
623 2964 816 3024 inmemorata
839 2963 983 3023 terentem

214 3048 356 3126 lngenuis
379 3049 532 3128 oculisque
555 3050 610 3127 legi
634 3048 832 3125 manibusque
855 3048 958 3107 teneri.
982 3081 1024 3092 -

213 3133 295 3194 Scire
317 3133 397 3205 velis,
419 3154 483 3195 mea
508 3153 561 3196 cur
583 3135 717 3212 ingratus
740 3133 881 3212 opuscula
903 3132 997 3192 lector

212 3219 327 3278 Laudet
349 3231 484 3298 ametque
507 3221 596 3293 domi,
620 3229 734 3299 premat
756 3228 838 3277 extra
859 3217 949 3277 limen
973 3217 1111 3295 iniquus:

212 3303 279 3363 Non
304 3320 359 3379 ego
382 3314 520 3365 ventosae
543 3306 637 3384 plebis
659 3303 796 3380 suffragia
819 3321 912 3362 venor

212 3388 359 3466 lmpensis
382 3407 523 3449 cenarum
546 3401 575 3448 et
597 3391 682 3450 tritae
704 3406 829 3448 munere
851 3387 948 3460 vestie,

212 3474 278 3535 Non
303 3491 367 3550 ego,
391 3473 534 3534 nobilium
558 3475 736 3552 scriptorum
760 3473 875 3533 auditor
898 3482 927 3532 et
948 3471 1036 3544 ultor,

214 3559 425 3619 Grammaticos
447 3558 558 3618 ambire
581 3558 675 3619 tribus
697 3571 726 3619 et
748 3558 860 3637 pulpita
885 3557 1006 3635 dignor;

213 3645 291 3704 llinc
314 3644 379 3704 illae
402 3644 548 3706 lacrimae.
588 3636 711 3723 ‘Spissis
734 3644 854 3721 indigna
877 3641 1009 3714 theatris,

212 3729 327 3808 Scripta
352 3729 443 3808 pudet
466 3729 590 3789 recitare
613 3740 642 3789 et
664 3729 751 3807 nugis
774 3729 880 3787 addere
903 3719 1030 3806 pondus'

126 3865 325 3873 *—

211 3928 267 3980 xlx
286 3947 308 3981 o.
327 3931 566 3996 3sq.,ut-poetas
585 3929 619 3979 al.
636 3929 640 3994 Ι
658 3932 687 3981 10
707 3929 786 3979 edixit
801 3930 805 3994 l
822 3930 854 3979 22
872 3925 928 3977 fidit
946 3926 999 3993 (ull
1016 3927 1047 3976 23
1066 3924 1133 3989 regit
1144 3928 1186 3991 (υ)
1215 3935 1216 3938 ’
