<?xml version="1.0" encoding="UTF-8"?>
<!DOCTYPE html PUBLIC "-//W3C//DTD XHTML 1.0 Transitional//EN"
    "http://www.w3.org/TR/xhtml1/DTD/xhtml1-transitional.dtd">
<html xmlns="http://www.w3.org/1999/xhtml" xml:lang="en" lang="en">
 <head>
  <title>
</title>
<meta http-equiv="Content-Type" content="text/html;charset=utf-8" />
  <meta name='ocr-system' content='tesseract 3.04.00' />
  <meta name='ocr-capabilities' content='ocr_page ocr_carea ocr_par ocr_line ocrx_word'/>
</head>
<body>
  <div class='ocr_page' id='page_1' title='image "./qhoratiiflaccic02hertgoog_0054.png"; bbox 0 0 2656 4448; ppageno 0'>
   <div class='ocr_carea' id='block_1_1' title="bbox 477 228 803 284">
    <p class='ocr_par' dir='ltr' id='par_1_1' title="bbox 477 228 803 284">
     <span class='ocr_line' id='line_1_1' title="bbox 477 228 803 284; baseline 0.012 -4"><span class='ocrx_word' id='word_1_1' title='bbox 477 228 648 281; x_wconf 81' lang='lat' dir='ltr'>uARttttttttt</span> <span class='ocrx_word' id='word_1_2' title='bbox 667 230 686 281; x_wconf 97' lang='lat' dir='ltr'>ll</span> <span class='ocrx_word' id='word_1_3' title='bbox 706 234 744 283; x_wconf 84' lang='lat'>15.</span> <span class='ocrx_word' id='word_1_4' title='bbox 766 234 803 284; x_wconf 86' lang='grc'>16.</span> 
     </span>
    </p>
   </div>
   <div class='ocr_carea' id='block_1_2' title="bbox 182 401 828 736">
    <p class='ocr_par' dir='ltr' id='par_1_2' title="bbox 182 401 828 736">
     <span class='ocr_line' id='line_1_2' title="bbox 182 401 791 481; baseline 0 -20"><span class='ocrx_word' id='word_1_5' title='bbox 182 416 183 420; x_wconf 74' lang='grc'>’</span> <span class='ocrx_word' id='word_1_6' title='bbox 230 401 291 461; x_wconf 86' lang='lat' dir='ltr'>Nec</span> <span class='ocrx_word' id='word_1_7' title='bbox 310 402 461 462; x_wconf 82' lang='lat' dir='ltr'>fortuitum</span> <span class='ocrx_word' id='word_1_8' title='bbox 477 419 619 480; x_wconf 89' lang='lat' dir='ltr'>spernere</span> <span class='ocrx_word' id='word_1_9' title='bbox 635 403 791 481; x_wconf 82' lang='lat' dir='ltr'>caespitem</span> 
     </span>
     <span class='ocr_line' id='line_1_3' title="bbox 231 485 746 564; baseline 0.004 -19"><span class='ocrx_word' id='word_1_10' title='bbox 231 485 327 564; x_wconf 85' lang='lat' dir='ltr'>Leges</span> <span class='ocrx_word' id='word_1_11' title='bbox 342 487 489 561; x_wconf 82' lang='lat' dir='ltr'>sinebant,</span> <span class='ocrx_word' id='word_1_12' title='bbox 505 485 612 564; x_wconf 90' lang='lat' dir='ltr'>oppida</span> <span class='ocrx_word' id='word_1_13' title='bbox 628 486 746 564; x_wconf 90' lang='lat' dir='ltr'>publico</span> 
     </span>
     <span class='ocr_line' id='line_1_4' title="bbox 278 571 738 650; baseline 0.002 -20"><span class='ocrx_word' id='word_1_14' title='bbox 278 571 405 650; x_wconf 88' lang='lat' dir='ltr'>Sumptu</span> <span class='ocrx_word' id='word_1_15' title='bbox 421 571 556 632; x_wconf 88' lang='lat' dir='ltr'>iubentes</span> <span class='ocrx_word' id='word_1_16' title='bbox 572 580 602 631; x_wconf 87' lang='lat' dir='ltr'>et</span> <span class='ocrx_word' id='word_1_17' title='bbox 617 572 738 632; x_wconf 91' lang='lat' dir='ltr'>deorum</span> 
     </span>
     <span class='ocr_line' id='line_1_5' title="bbox 330 656 828 736; baseline 0.006 -21"><span class='ocrx_word' id='word_1_18' title='bbox 330 656 450 736; x_wconf 88' lang='lat' dir='ltr'>Templa</span> <span class='ocrx_word' id='word_1_19' title='bbox 467 676 543 717; x_wconf 89' lang='lat' dir='ltr'>novo</span> <span class='ocrx_word' id='word_1_20' title='bbox 559 656 699 717; x_wconf 90' lang='lat' dir='ltr'>decorare</span> <span class='ocrx_word' id='word_1_21' title='bbox 715 676 794 719; x_wconf 85' lang='lat' dir='ltr'>saro.</span> <span class='ocrx_word' id='word_1_22' title='bbox 827 684 828 687; x_wconf 40' lang='lat'>¹</span> 
     </span>
    </p>
   </div>
   <div class='ocr_carea' id='block_1_3' title="bbox 231 1110 826 1437">
    <p class='ocr_par' dir='ltr' id='par_1_3' title="bbox 232 1110 702 1192">
     <span class='ocr_line' id='line_1_6' title="bbox 232 1110 702 1192; baseline 0.004 -21"><span class='ocrx_word' id='word_1_23' title='bbox 232 1110 332 1171; x_wconf 93' lang='lat' dir='ltr'>Otium</span> <span class='ocrx_word' id='word_1_24' title='bbox 347 1111 429 1172; x_wconf 92' lang='lat' dir='ltr'>divos</span> <span class='ocrx_word' id='word_1_25' title='bbox 444 1121 529 1192; x_wconf 86' lang='lat' dir='ltr'>rogat</span> <span class='ocrx_word' id='word_1_26' title='bbox 543 1112 573 1172; x_wconf 94' lang='lat' dir='ltr'>in</span> <span class='ocrx_word' id='word_1_27' title='bbox 591 1114 702 1191; x_wconf 91' lang='lat' dir='ltr'>patenti</span> 
     </span>
    </p>

    <p class='ocr_par' dir='ltr' id='par_1_4' title="bbox 231 1194 796 1275">
     <span class='ocr_line' id='line_1_7' title="bbox 231 1194 796 1275; baseline 0.011 -20"><span class='ocrx_word' id='word_1_28' title='bbox 231 1194 362 1256; x_wconf 89' lang='lat' dir='ltr'>Prensus</span> <span class='ocrx_word' id='word_1_29' title='bbox 378 1198 502 1275; x_wconf 79' lang='lat' dir='ltr'>Aegaeo,</span> <span class='ocrx_word' id='word_1_30' title='bbox 519 1197 606 1258; x_wconf 89' lang='lat' dir='ltr'>simul</span> <span class='ocrx_word' id='word_1_31' title='bbox 622 1206 683 1259; x_wconf 94' lang='lat' dir='ltr'>atra</span> <span class='ocrx_word' id='word_1_32' title='bbox 701 1199 796 1261; x_wconf 91' lang='lat' dir='ltr'>nubes</span> 
     </span>
    </p>

    <p class='ocr_par' dir='ltr' id='par_1_5' title="bbox 232 1278 826 1437">
     <span class='ocr_line' id='line_1_8' title="bbox 232 1278 826 1362; baseline 0.01 -22"><span class='ocrx_word' id='word_1_33' title='bbox 232 1278 371 1341; x_wconf 84' lang='lat' dir='ltr'>Condidit</span> <span class='ocrx_word' id='word_1_34' title='bbox 385 1280 486 1341; x_wconf 90' lang='lat' dir='ltr'>lunam</span> <span class='ocrx_word' id='word_1_35' title='bbox 503 1300 600 1360; x_wconf 89' lang='lat' dir='ltr'>neque</span> <span class='ocrx_word' id='word_1_36' title='bbox 616 1292 694 1344; x_wconf 87' lang='lat' dir='ltr'>certa</span> <span class='ocrx_word' id='word_1_37' title='bbox 712 1284 826 1362; x_wconf 83' lang='lat' dir='ltr'>fulgent</span> 
     </span>
     <span class='ocr_line' id='line_1_9' title="bbox 307 1365 532 1437; baseline 0.004 -12"><span class='ocrx_word' id='word_1_38' title='bbox 307 1365 408 1426; x_wconf 86' lang='lat' dir='ltr'>Sidera</span> <span class='ocrx_word' id='word_1_39' title='bbox 425 1367 532 1437; x_wconf 89' lang='lat' dir='ltr'>nautis,</span> 
     </span>
    </p>
   </div>
   <div class='ocr_carea' id='block_1_4' title="bbox 228 1482 920 1815">
    <p class='ocr_par' dir='ltr' id='par_1_6' title="bbox 229 1482 687 1556">
     <span class='ocr_line' id='line_1_10' title="bbox 229 1482 687 1556; baseline 0.002 -12"><span class='ocrx_word' id='word_1_40' title='bbox 229 1483 329 1545; x_wconf 92' lang='lat' dir='ltr'>Otium</span> <span class='ocrx_word' id='word_1_41' title='bbox 345 1482 423 1543; x_wconf 89' lang='lat' dir='ltr'>bello</span> <span class='ocrx_word' id='word_1_42' title='bbox 439 1484 549 1544; x_wconf 83' lang='lat' dir='ltr'>furiosa</span> <span class='ocrx_word' id='word_1_43' title='bbox 564 1484 687 1556; x_wconf 81' lang='lat' dir='ltr'>Thrace,</span> 
     </span>
    </p>

    <p class='ocr_par' dir='ltr' id='par_1_7' title="bbox 231 1566 701 1646">
     <span class='ocr_line' id='line_1_11' title="bbox 231 1566 701 1646; baseline 0.002 -18"><span class='ocrx_word' id='word_1_44' title='bbox 231 1567 333 1629; x_wconf 91' lang='lat' dir='ltr'>Otium</span> <span class='ocrx_word' id='word_1_45' title='bbox 348 1566 424 1628; x_wconf 89' lang='lat' dir='ltr'>Medi</span> <span class='ocrx_word' id='word_1_46' title='bbox 440 1569 577 1646; x_wconf 89' lang='lat' dir='ltr'>pharetra</span> <span class='ocrx_word' id='word_1_47' title='bbox 593 1570 701 1642; x_wconf 87' lang='lat' dir='ltr'>decori,</span> 
     </span>
    </p>

    <p class='ocr_par' dir='ltr' id='par_1_8' title="bbox 228 1652 920 1815">
     <span class='ocr_line' id='line_1_12' title="bbox 228 1652 920 1734; baseline 0.004 -22"><span class='ocrx_word' id='word_1_48' title='bbox 228 1652 373 1730; x_wconf 88' lang='lat' dir='ltr'>Grosphe,</span> <span class='ocrx_word' id='word_1_49' title='bbox 391 1671 451 1712; x_wconf 96' lang='lat' dir='ltr'>non</span> <span class='ocrx_word' id='word_1_50' title='bbox 468 1653 592 1731; x_wconf 89' lang='lat' dir='ltr'>gemmis</span> <span class='ocrx_word' id='word_1_51' title='bbox 607 1672 704 1731; x_wconf 85' lang='lat' dir='ltr'>neque</span> <span class='ocrx_word' id='word_1_52' title='bbox 721 1673 853 1734; x_wconf 80' lang='lat' dir='ltr'>purpura</span> <span class='ocrx_word' id='word_1_53' title='bbox 869 1675 920 1716; x_wconf 88' lang='lat' dir='ltr'>ve-</span> 
     </span>
     <span class='ocr_line' id='line_1_13' title="bbox 306 1738 587 1815; baseline 0.007 -19"><span class='ocrx_word' id='word_1_54' title='bbox 306 1738 371 1796; x_wconf 91' lang='lat' dir='ltr'>nale</span> <span class='ocrx_word' id='word_1_55' title='bbox 387 1756 484 1815; x_wconf 87' lang='lat' dir='ltr'>neque</span> <span class='ocrx_word' id='word_1_56' title='bbox 500 1756 587 1813; x_wconf 91' lang='lat' dir='ltr'>auro;</span> 
     </span>
    </p>
   </div>
   <div class='ocr_carea' id='block_1_5' title="bbox 227 1856 792 2172">
    <p class='ocr_par' dir='ltr' id='par_1_9' title="bbox 228 1856 792 1935">
     <span class='ocr_line' id='line_1_14' title="bbox 228 1856 792 1935; baseline 0.004 -19"><span class='ocrx_word' id='word_1_57' title='bbox 228 1856 295 1916; x_wconf 91' lang='lat' dir='ltr'>Non</span> <span class='ocrx_word' id='word_1_58' title='bbox 314 1856 392 1916; x_wconf 88' lang='lat' dir='ltr'>enim</span> <span class='ocrx_word' id='word_1_59' title='bbox 408 1873 496 1932; x_wconf 83' lang='lat' dir='ltr'>gazae</span> <span class='ocrx_word' id='word_1_60' title='bbox 512 1875 611 1935; x_wconf 89' lang='lat' dir='ltr'>neque</span> <span class='ocrx_word' id='word_1_61' title='bbox 627 1857 792 1918; x_wconf 90' lang='lat' dir='ltr'>consularis</span> 
     </span>
    </p>

    <p class='ocr_par' dir='ltr' id='par_1_10' title="bbox 228 1939 788 2004">
     <span class='ocr_line' id='line_1_15' title="bbox 228 1939 788 2004; baseline 0.005 -3"><span class='ocrx_word' id='word_1_62' title='bbox 228 1939 390 2001; x_wconf 90' lang='lat' dir='ltr'>Submovet</span> <span class='ocrx_word' id='word_1_63' title='bbox 404 1941 492 2001; x_wconf 94' lang='lat' dir='ltr'>lictor</span> <span class='ocrx_word' id='word_1_64' title='bbox 506 1943 629 2003; x_wconf 90' lang='lat' dir='ltr'>miseros</span> <span class='ocrx_word' id='word_1_65' title='bbox 644 1943 788 2004; x_wconf 91' lang='lat' dir='ltr'>tumultus</span> 
     </span>
    </p>

    <p class='ocr_par' dir='ltr' id='par_1_11' title="bbox 227 2025 759 2172">
     <span class='ocr_line' id='line_1_16' title="bbox 227 2025 759 2105; baseline 0.002 -19"><span class='ocrx_word' id='word_1_66' title='bbox 227 2025 335 2086; x_wconf 90' lang='lat' dir='ltr'>Mentis</span> <span class='ocrx_word' id='word_1_67' title='bbox 351 2033 380 2085; x_wconf 92' lang='lat' dir='ltr'>et</span> <span class='ocrx_word' id='word_1_68' title='bbox 395 2044 480 2087; x_wconf 87' lang='lat' dir='ltr'>curas</span> <span class='ocrx_word' id='word_1_69' title='bbox 496 2027 629 2105; x_wconf 85' lang='lat' dir='ltr'>laqueata</span> <span class='ocrx_word' id='word_1_70' title='bbox 646 2027 759 2087; x_wconf 91' lang='lat' dir='ltr'>circum</span> 
     </span>
     <span class='ocr_line' id='line_1_17' title="bbox 302 2110 540 2172; baseline 0.004 -3"><span class='ocrx_word' id='word_1_71' title='bbox 302 2110 392 2171; x_wconf 77' lang='lat' dir='ltr'>&#39;lecta</span> <span class='ocrx_word' id='word_1_72' title='bbox 407 2111 540 2172; x_wconf 90' lang='lat' dir='ltr'>volantis.</span> 
     </span>
    </p>
   </div>
   <div class='ocr_carea' id='block_1_6' title="bbox 227 2228 800 2545">
    <p class='ocr_par' dir='ltr' id='par_1_12' title="bbox 228 2228 784 2308">
     <span class='ocr_line' id='line_1_18' title="bbox 228 2228 784 2308; baseline 0.005 -21"><span class='ocrx_word' id='word_1_73' title='bbox 228 2229 340 2288; x_wconf 84' lang='lat' dir='ltr'>Vivitur</span> <span class='ocrx_word' id='word_1_74' title='bbox 355 2247 444 2307; x_wconf 90' lang='lat' dir='ltr'>parvo</span> <span class='ocrx_word' id='word_1_75' title='bbox 461 2228 547 2302; x_wconf 93' lang='lat' dir='ltr'>bene,</span> <span class='ocrx_word' id='word_1_76' title='bbox 564 2230 611 2290; x_wconf 92' lang='lat' dir='ltr'>cui</span> <span class='ocrx_word' id='word_1_77' title='bbox 627 2240 784 2308; x_wconf 86' lang='lat' dir='ltr'>paternum</span> 
     </span>
    </p>

    <p class='ocr_par' dir='ltr' id='par_1_13' title="bbox 228 2313 776 2392">
     <span class='ocr_line' id='line_1_19' title="bbox 228 2313 776 2392; baseline 0.005 -19"><span class='ocrx_word' id='word_1_78' title='bbox 228 2313 371 2392; x_wconf 82' lang='lat' dir='ltr'>Splendet</span> <span class='ocrx_word' id='word_1_79' title='bbox 386 2314 416 2373; x_wconf 91' lang='lat' dir='ltr'>iu</span> <span class='ocrx_word' id='word_1_80' title='bbox 432 2333 534 2375; x_wconf 92' lang='lat' dir='ltr'>mensa</span> <span class='ocrx_word' id='word_1_81' title='bbox 550 2315 633 2375; x_wconf 88' lang='lat' dir='ltr'>tenui</span> <span class='ocrx_word' id='word_1_82' title='bbox 649 2316 776 2376; x_wconf 90' lang='lat' dir='ltr'>salinum</span> 
     </span>
    </p>

    <p class='ocr_par' dir='ltr' id='par_1_14' title="bbox 227 2398 800 2545">
     <span class='ocr_line' id='line_1_20' title="bbox 227 2398 800 2478; baseline 0.002 -19"><span class='ocrx_word' id='word_1_83' title='bbox 227 2399 288 2459; x_wconf 90' lang='lat' dir='ltr'>Nec</span> <span class='ocrx_word' id='word_1_84' title='bbox 302 2398 373 2459; x_wconf 88' lang='lat' dir='ltr'>levis</span> <span class='ocrx_word' id='word_1_85' title='bbox 387 2418 508 2460; x_wconf 84' lang='lat' dir='ltr'>somnos</span> <span class='ocrx_word' id='word_1_86' title='bbox 523 2399 613 2459; x_wconf 92' lang='lat' dir='ltr'>timor</span> <span class='ocrx_word' id='word_1_87' title='bbox 627 2409 677 2460; x_wconf 90' lang='lat' dir='ltr'>aut</span> <span class='ocrx_word' id='word_1_88' title='bbox 693 2401 800 2478; x_wconf 92' lang='lat' dir='ltr'>cupido</span> 
     </span>
     <span class='ocr_line' id='line_1_21' title="bbox 306 2483 567 2545; baseline 0 -2"><span class='ocrx_word' id='word_1_89' title='bbox 306 2483 447 2545; x_wconf 87' lang='lat' dir='ltr'>Sordidus</span> <span class='ocrx_word' id='word_1_90' title='bbox 462 2485 567 2544; x_wconf 83' lang='lat' dir='ltr'>aufert.</span> 
     </span>
    </p>
   </div>
   <div class='ocr_carea' id='block_1_7' title="bbox 227 2601 775 2935">
    <p class='ocr_par' dir='ltr' id='par_1_15' title="bbox 228 2601 769 2673">
     <span class='ocr_line' id='line_1_22' title="bbox 228 2601 769 2673; baseline 0.004 -12"><span class='ocrx_word' id='word_1_91' title='bbox 228 2601 304 2673; x_wconf 87' lang='lat' dir='ltr'>Quid</span> <span class='ocrx_word' id='word_1_92' title='bbox 321 2601 400 2662; x_wconf 89' lang='lat' dir='ltr'>brevi</span> <span class='ocrx_word' id='word_1_93' title='bbox 417 2602 508 2663; x_wconf 81' lang='lat' dir='ltr'>sortes</span> <span class='ocrx_word' id='word_1_94' title='bbox 523 2602 685 2663; x_wconf 90' lang='lat' dir='ltr'>iaculamur</span> <span class='ocrx_word' id='word_1_95' title='bbox 700 2621 769 2663; x_wconf 90' lang='lat' dir='ltr'>aevo</span> 
     </span>
    </p>

    <p class='ocr_par' dir='ltr' id='par_1_16' title="bbox 228 2684 748 2765">
     <span class='ocr_line' id='line_1_23' title="bbox 228 2684 748 2765; baseline 0.004 -18"><span class='ocrx_word' id='word_1_96' title='bbox 228 2684 342 2747; x_wconf 79' lang='lat' dir='ltr'>Multa?</span> <span class='ocrx_word' id='word_1_97' title='bbox 358 2687 427 2765; x_wconf 86' lang='lat' dir='ltr'>quid</span> <span class='ocrx_word' id='word_1_98' title='bbox 443 2696 537 2748; x_wconf 90' lang='lat' dir='ltr'>terras</span> <span class='ocrx_word' id='word_1_99' title='bbox 553 2688 609 2747; x_wconf 92' lang='lat' dir='ltr'>alio</span> <span class='ocrx_word' id='word_1_100' title='bbox 625 2688 748 2749; x_wconf 90' lang='lat' dir='ltr'>calentis</span> 
     </span>
    </p>

    <p class='ocr_par' dir='ltr' id='par_1_17' title="bbox 227 2771 775 2935">
     <span class='ocr_line' id='line_1_24' title="bbox 227 2771 775 2850; baseline 0.002 -18"><span class='ocrx_word' id='word_1_101' title='bbox 227 2771 296 2832; x_wconf 86' lang='lat' dir='ltr'>Sole</span> <span class='ocrx_word' id='word_1_102' title='bbox 311 2771 480 2833; x_wconf 83' lang='lat' dir='ltr'>mutamus?</span> <span class='ocrx_word' id='word_1_103' title='bbox 496 2773 609 2850; x_wconf 90' lang='lat' dir='ltr'>patriae</span> <span class='ocrx_word' id='word_1_104' title='bbox 625 2773 691 2849; x_wconf 91' lang='lat' dir='ltr'>quis</span> <span class='ocrx_word' id='word_1_105' title='bbox 708 2773 775 2833; x_wconf 82' lang='lat' dir='ltr'>exul</span> 
     </span>
     <span class='ocr_line' id='line_1_25' title="bbox 304 2854 644 2935; baseline 0.003 -20"><span class='ocrx_word' id='word_1_106' title='bbox 304 2856 342 2916; x_wconf 89' lang='lat' dir='ltr'>Se</span> <span class='ocrx_word' id='word_1_107' title='bbox 358 2875 476 2935; x_wconf 90' lang='lat' dir='ltr'>quoque</span> <span class='ocrx_word' id='word_1_108' title='bbox 491 2854 587 2935; x_wconf 80' lang='lat' dir='ltr'>sugit?</span> <span class='ocrx_word' id='word_1_109' title='bbox 604 2892 644 2900; x_wconf 84' lang='lat'><em>-</em></span> 
     </span>
    </p>
   </div>
   <div class='ocr_carea' id='block_1_8' title="bbox 226 2974 817 3289">
    <p class='ocr_par' dir='ltr' id='par_1_18' title="bbox 226 2974 689 3035">
     <span class='ocr_line' id='line_1_26' title="bbox 226 2974 689 3035; baseline 0.002 -2"><span class='ocrx_word' id='word_1_110' title='bbox 226 2974 348 3034; x_wconf 88' lang='lat' dir='ltr'>Scandit</span> <span class='ocrx_word' id='word_1_111' title='bbox 363 2984 475 3035; x_wconf 91' lang='lat' dir='ltr'>aeratas</span> <span class='ocrx_word' id='word_1_112' title='bbox 490 2976 591 3035; x_wconf 89' lang='lat' dir='ltr'>vitiosa</span> <span class='ocrx_word' id='word_1_113' title='bbox 609 2976 689 3035; x_wconf 87' lang='lat' dir='ltr'>navis</span> 
     </span>
    </p>

    <p class='ocr_par' dir='ltr' id='par_1_19' title="bbox 227 3057 817 3138">
     <span class='ocr_line' id='line_1_27' title="bbox 227 3057 817 3138; baseline 0 -19"><span class='ocrx_word' id='word_1_114' title='bbox 227 3057 302 3119; x_wconf 86' lang='lat' dir='ltr'>Cura</span> <span class='ocrx_word' id='word_1_115' title='bbox 319 3078 374 3119; x_wconf 87' lang='lat' dir='ltr'>nec</span> <span class='ocrx_word' id='word_1_116' title='bbox 389 3070 501 3120; x_wconf 90' lang='lat' dir='ltr'>turmas</span> <span class='ocrx_word' id='word_1_117' title='bbox 516 3060 650 3138; x_wconf 91' lang='lat' dir='ltr'>equitum</span> <span class='ocrx_word' id='word_1_118' title='bbox 665 3060 817 3136; x_wconf 83' lang='lat' dir='ltr'>relinquit,</span> 
     </span>
    </p>

    <p class='ocr_par' dir='ltr' id='par_1_20' title="bbox 227 3143 725 3289">
     <span class='ocr_line' id='line_1_28' title="bbox 227 3143 725 3223; baseline 0 -19"><span class='ocrx_word' id='word_1_119' title='bbox 227 3143 318 3204; x_wconf 85' lang='lat' dir='ltr'>Ocior</span> <span class='ocrx_word' id='word_1_120' title='bbox 333 3146 425 3205; x_wconf 87' lang='lat' dir='ltr'>cervis</span> <span class='ocrx_word' id='word_1_121' title='bbox 441 3154 471 3204; x_wconf 89' lang='lat' dir='ltr'>et</span> <span class='ocrx_word' id='word_1_122' title='bbox 486 3154 591 3223; x_wconf 87' lang='lat' dir='ltr'>agente</span> <span class='ocrx_word' id='word_1_123' title='bbox 609 3144 725 3204; x_wconf 87' lang='lat' dir='ltr'>nimbos</span> 
     </span>
     <span class='ocr_line' id='line_1_29' title="bbox 303 3227 499 3289; baseline 0.005 -1"><span class='ocrx_word' id='word_1_124' title='bbox 303 3227 394 3288; x_wconf 85' lang='lat' dir='ltr'>Ocior</span> <span class='ocrx_word' id='word_1_125' title='bbox 409 3228 499 3289; x_wconf 88' lang='lat' dir='ltr'>Euro.</span> 
     </span>
    </p>
   </div>
   <div class='ocr_carea' id='block_1_9' title="bbox 224 3345 1127 3660">
    <p class='ocr_par' dir='ltr' id='par_1_21' title="bbox 224 3345 1127 3592">
     <span class='ocr_line' id='line_1_30' title="bbox 225 3345 1127 3426; baseline 0.006 -22"><span class='ocrx_word' id='word_1_126' title='bbox 225 3345 333 3405; x_wconf 89' lang='lat' dir='ltr'>Laetus</span> <span class='ocrx_word' id='word_1_127' title='bbox 349 3346 379 3406; x_wconf 90' lang='lat' dir='ltr'>iu</span> <span class='ocrx_word' id='word_1_128' title='bbox 395 3364 536 3424; x_wconf 87' lang='lat' dir='ltr'>praesens</span> <span class='ocrx_word' id='word_1_129' title='bbox 550 3349 667 3409; x_wconf 92' lang='lat' dir='ltr'>animus</span> <span class='ocrx_word' id='word_1_130' title='bbox 682 3348 762 3426; x_wconf 87' lang='lat' dir='ltr'>quod</span> <span class='ocrx_word' id='word_1_131' title='bbox 781 3347 855 3408; x_wconf 92' lang='lat' dir='ltr'>ultra</span> <span class='ocrx_word' id='word_1_132' title='bbox 872 3356 916 3408; x_wconf 92' lang='lat' dir='ltr'>est</span> <span class='ocrx_word' id='word_1_133' title='bbox 1099 3360 1127 3409; x_wconf 83' lang='grc'>25</span> 
     </span>
     <span class='ocr_line' id='line_1_31' title="bbox 225 3429 699 3493; baseline 0.008 -4"><span class='ocrx_word' id='word_1_134' title='bbox 225 3429 329 3490; x_wconf 83' lang='lat' dir='ltr'>Oderit</span> <span class='ocrx_word' id='word_1_135' title='bbox 343 3449 447 3490; x_wconf 90' lang='lat' dir='ltr'>curare</span> <span class='ocrx_word' id='word_1_136' title='bbox 463 3441 492 3492; x_wconf 91' lang='lat' dir='ltr'>et</span> <span class='ocrx_word' id='word_1_137' title='bbox 507 3451 603 3493; x_wconf 91' lang='lat' dir='ltr'>amara</span> <span class='ocrx_word' id='word_1_138' title='bbox 619 3435 699 3493; x_wconf 92' lang='lat' dir='ltr'>lento</span> 
     </span>
     <span class='ocr_line' id='line_1_32' title="bbox 224 3514 774 3592; baseline 0.004 -18"><span class='ocrx_word' id='word_1_139' title='bbox 224 3514 382 3592; x_wconf 90' lang='lat' dir='ltr'>Temperet</span> <span class='ocrx_word' id='word_1_140' title='bbox 398 3516 474 3576; x_wconf 92' lang='lat' dir='ltr'>risu:</span> <span class='ocrx_word' id='word_1_141' title='bbox 492 3518 564 3577; x_wconf 89' lang='lat' dir='ltr'>nihil</span> <span class='ocrx_word' id='word_1_142' title='bbox 581 3528 625 3578; x_wconf 93' lang='lat' dir='ltr'>est</span> <span class='ocrx_word' id='word_1_143' title='bbox 640 3517 676 3578; x_wconf 92' lang='lat' dir='ltr'>ab</span> <span class='ocrx_word' id='word_1_144' title='bbox 693 3518 774 3578; x_wconf 93' lang='lat' dir='ltr'>omni</span> 
     </span>
    </p>

    <p class='ocr_par' dir='ltr' id='par_1_22' title="bbox 300 3599 528 3660">
     <span class='ocr_line' id='line_1_33' title="bbox 300 3599 528 3660; baseline 0.009 -2"><span class='ocrx_word' id='word_1_145' title='bbox 300 3599 386 3660; x_wconf 88' lang='lat' dir='ltr'>Parte</span> <span class='ocrx_word' id='word_1_146' title='bbox 402 3600 528 3660; x_wconf 90' lang='lat' dir='ltr'>beatum.</span> 
     </span>
    </p>
   </div>
   <div class='ocr_carea' id='block_1_10' title="bbox 129 3848 1163 3981">
    <p class='ocr_par' dir='ltr' id='par_1_23' title="bbox 129 3848 1163 3981">
     <span class='ocr_line' id='line_1_34' title="bbox 129 3848 1163 3981; baseline 0.004 -81"><span class='ocrx_word' id='word_1_147' title='bbox 129 3848 276 3981; x_wconf 43' lang='lat' dir='ltr'><strong><em>uffffiv.</em></strong></span> <span class='ocrx_word' id='word_1_148' title='bbox 298 3853 328 3903; x_wconf 80' lang='lat'>15</span> <span class='ocrx_word' id='word_1_149' title='bbox 347 3856 400 3915; x_wconf 91' lang='lat' dir='ltr'>aut]</span> <span class='ocrx_word' id='word_1_150' title='bbox 419 3869 466 3905; x_wconf 87' lang='lat' dir='ltr'>nec</span> <span class='ocrx_word' id='word_1_151' title='bbox 485 3853 593 3904; x_wconf 80' lang='lat' dir='ltr'>Servios</span> <span class='ocrx_word' id='word_1_152' title='bbox 617 3853 654 3902; x_wconf 84' lang='lat' dir='ltr'>ad</span> <span class='ocrx_word' id='word_1_153' title='bbox 671 3853 702 3903; x_wconf 77' lang='lat' dir='ltr'>A.</span> <span class='ocrx_word' id='word_1_154' title='bbox 723 3851 744 3899; x_wconf 91' lang='lat' dir='ltr'>V</span> <span class='ocrx_word' id='word_1_155' title='bbox 764 3855 812 3905; x_wconf 92' lang='grc'>122</span> <span class='ocrx_word' id='word_1_156' title='bbox 840 3853 844 3919; x_wconf 87' lang='grc' dir='ltr'>Ι</span> <span class='ocrx_word' id='word_1_157' title='bbox 872 3855 902 3904; x_wconf 80' lang='lat'>17</span> <span class='ocrx_word' id='word_1_158' title='bbox 923 3854 1011 3903; x_wconf 87' lang='lat' dir='ltr'>sontes</span> <span class='ocrx_word' id='word_1_159' title='bbox 1028 3852 1065 3918; x_wconf 86' lang='lat' dir='ltr'>(v)</span> <span class='ocrx_word' id='word_1_160' title='bbox 1092 3850 1096 3916; x_wconf 93' lang='grc' dir='ltr'>Ι</span> <span class='ocrx_word' id='word_1_161' title='bbox 1123 3854 1163 3914; x_wconf 84' lang='grc'>[21</span> 
     </span>
    </p>
   </div>
   <div class='ocr_carea' id='block_1_11' title="bbox 0 0 1332 4448">
    <p class='ocr_par' dir='ltr' id='par_1_24' title="bbox 0 0 1332 4448">
     <span class='ocr_line' id='line_1_35' title="bbox 0 0 1332 4448; baseline 0 3"><span class='ocrx_word' id='word_1_162' title='bbox 0 0 1332 4448; x_wconf 95' lang='lat' dir='ltr'> </span> 
     </span>
    </p>
   </div>
  </div>
 </body>
</html>
