2656 4448
510 213 681 266 chramnum
700 215 732 266 lV
750 219 774 268 t.
794 221 816 269 5.

256 384 322 444 Non
346 385 438 464 hydra
461 393 541 446 secto
565 404 690 465 corpore
713 388 827 448 tirmior

257 468 341 528 Vinci
365 469 512 529 dolentem
535 471 625 531 crevit
648 473 677 532 in
702 472 858 534 Herculem

305 554 505 616 Monstrumve
527 555 691 617 submisere
716 556 814 617 Colchi

355 638 447 700 Maius
469 639 663 701 Echioniaeve
686 641 813 703 Thebae.

258 755 367 817 Merses
389 759 548 836 profundo,
571 759 723 838 pulchrior
746 761 858 832 evenit;

257 840 394 915 humere,
417 844 507 904 multa
530 854 654 923 proruet
677 846 825 925 integrum

306 927 379 987 Cum
401 928 486 988 laude
508 930 648 990 victorem
672 940 813 1009 geretque

356 1012 469 1072 Proelia
492 1014 669 1093 coniugibus
692 1014 849 1094 loquenda.

259 1127 426 1209 Carthagini
449 1131 505 1191 iam
529 1152 590 1193 non
614 1153 669 1212 ego
693 1135 814 1195 nuntios

258 1213 370 1274 Mittam
393 1216 553 1294 superbos:
578 1218 694 1291 occidit,
718 1218 824 1280 occidit

305 1300 378 1378 Spes
402 1300 498 1362 omnis
520 1311 549 1361 et
572 1303 689 1363 fortuna
713 1305 805 1365 nostri

355 1384 489 1445 Nominis
511 1385 693 1447 Hasdrubale
715 1381 913 1466 interempto?
938 1423 978 1432 —

258 1500 305 1560 Nil
328 1501 464 1562 Claudiae
488 1522 548 1563 non
572 1504 731 1582 perficiunt
753 1523 867 1579 monuo,

260 1585 339 1654 Quas
363 1596 392 1647 et
415 1586 545 1666 benigno
571 1588 693 1648 numine
717 1589 850 1667 luppiter

305 1671 442 1732 Defendit
464 1681 493 1732 et
515 1691 603 1733 curae
626 1691 744 1751 sagaces

358 1756 527 1835 Expediunt
548 1776 602 1838 per
624 1767 708 1818 acuta
731 1757 809 1818 belli.

595 1914 746 1922 ——.

654 2046 676 2102 V

262 2160 339 2221 Divis
362 2169 426 2221 orte
448 2163 544 2237 honis,
567 2163 677 2242 optime
700 2163 842 2224 Romulae

259 2245 364 2306 Custos
386 2247 492 2324 gentis,
515 2248 584 2309 abes
606 2249 662 2308 iam
688 2249 809 2308 nimium
833 2249 899 2309 diu:

258 2329 404 2391 hlaturum
428 2332 553 2392 reditum
576 2333 724 2411 pollicitus
747 2344 862 2412 patrum

336 2414 445 2475 Sancto
470 2417 593 2477 oonsilio
617 2416 690 2476 redi.

258 2532 369 2594 Lucem
391 2534 481 2594 redde
503 2543 580 2607 tuae,
604 2534 662 2594 dux
684 2534 772 2606 hone,
795 2535 922 2612 patriae:

258 2616 354 2677 lnstar
375 2619 452 2679 veris
475 2619 554 2679 enim
576 2619 672 2679 voltus
694 2620 744 2679 uhi
768 2630 836 2679 tuus

260 2702 386 2762 hdlulsit
408 2704 530 2781 populo,
554 2705 665 2780 gratior
688 2704 710 2764 it
732 2704 795 2764 dies

336 2786 373 2845 Et
395 2787 472 2848 soles
495 2788 598 2848 melius
623 2790 726 2848 nitent.

259 2903 298 2963 Ut
321 2913 413 2965 mater
436 2906 581 2978 iuvenem,
606 2924 693 2984 quom
716 2907 809 2966 h'otus
832 2903 932 2963 invido

258 2987 342 3048 Flatu
366 2990 513 3069 Carpathii
535 3000 617 3051 trans
640 2991 729 3051 maris
752 3007 880 3067 aequora

260 3072 455 3136 Cunctantem
477 3075 572 3153 spatio
596 3076 713 3152 longius
736 3093 837 3135 annuo

335 3160 417 3220 llulci
441 3160 597 3221 distinete
620 3160 718 3232 domo,

259 3275 341 3338 Votis
364 3278 571 3357 ominibusque
595 3288 624 3338 et
646 3278 783 3356 precibus
807 3286 901 3351 vocat,

260 3359 353 3422 Curvo
377 3382 432 3424 nec
454 3365 558 3424 taciem
582 3365 667 3424 litore
690 3365 825 3435 dimovet,

217 3610 248 3661 lll
267 3629 290 3665 o.
310 3615 341 3665 65
361 3628 458 3666 mersus
474 3615 478 3680 Ι
494 3616 526 3666 66
544 3615 641 3678 proruit
659 3616 694 3678 (o)
710 3614 714 3680 Ι
730 3617 760 3666 ot
781 3615 898 3679 geritque
916 3614 951 3677 (o)
967 3612 971 3676 Ι
986 3626 1009 3661 υ.
1030 3610 1135 3661 tt—to
1158 3611 1210 3660 Ho-

127 3681 201 3731 ratio
225 3683 350 3732 tribuunt
371 3683 542 3745 scholiastae,
569 3680 702 3732 Hannibali
727 3682 848 3747 plerique
874 3681 989 3730 editores
1008 3680 1173 3728 recentiores
1202 3681 1206 3741 Ι

131 3746 383 3813 reputantium
410 3752 459 3813 tvl:
479 3748 612 3816 perficient
1103 3811 1128 3823 ..

216 3815 238 3863 V
259 3834 280 3866 v.
300 3822 316 3870 4
335 3819 451 3880 consilio]
476 3820 520 3881 (o),
539 3817 607 3868 Mor.
629 3816 699 3867 Vict.
713 3833 741 3882 p.
762 3820 819 3881 177,
838 3819 852 3868 5
872 3815 899 3868 K.
924 3815 1015 3877 (Feo):
1036 3811 1180 3863 concilior
1202 3817 1207 3875 Ι

130 3885 275 3951 let](v)1
309 3885 531 3950 tddemouetbr)
