2656 4448
131 227 190 285 192
489 226 721 280 EPISTULARUM
739 228 749 279 l
767 230 791 281 6.
810 232 834 280 'l.

46 446 48 450 -
125 414 153 464 45
211 400 301 462 Exilis
324 403 429 462 domus
451 408 504 474 est,
527 400 577 461 ubi
602 420 661 461 non
686 410 714 460 et
736 401 826 460 multa
848 411 1010 480 supersunt

215 486 252 545 Et
274 486 427 547 dominum
450 486 555 547 lalluut
577 495 606 546 et
627 494 754 565 prosunt
777 483 903 546 furibus.
947 485 1039 565 Ergo,

215 572 243 632 st
268 591 315 632 res
338 572 398 632 sola
422 579 519 651 potest
540 572 637 631 lacere
660 582 689 631 et
711 589 827 631 servare
849 571 978 644 boatum,

214 656 278 717 lloc
300 659 413 737 primus
436 666 552 736 repetas
575 674 659 735 opus,
682 656 739 716 hoc
761 665 929 735 postremus
952 655 1079 718 omittas

215 741 246 802 Si
269 742 450 803 fortunatum
474 741 588 820 species
611 751 641 802 et
662 741 755 820 gratia
777 750 914 820 praestat,

215 827 383 888 Mercemur
405 846 532 900 servunt,
556 826 606 904 qni
629 825 719 887 dictet
742 827 871 901 nomina,
894 827 1008 887 laevum
1112 822 1116 827 ’

216 911 272 982 Qui
295 913 402 973 lodicet
425 912 501 972 latus
524 920 554 971 et
576 922 661 1007 cogat
683 921 766 972 trans
788 912 921 990 pondera
944 911 1074 971 dextram

216 998 384 1076 l'orrigere:
406 991 467 1057 ‘hio
489 996 644 1056 multum
637 1015 667 1056 ιιι
692 996 780 1056 Fabia
802 997 886 1070 valet,
909 996 957 1056 ille
981 996 1101 1070 Velina;

219 1081 271 1142 Cui
293 1082 365 1143 libet
387 1082 435 1143 hic
458 1082 543 1142 lascis
566 1081 645 1141 dabit
668 1082 832 1185 eripietque
856 1043 958 1142 cirrule

217 1167 269 1226 Cui
292 1168 398 1229 volet
391 1177 580 1246 importunus
602 1157 695 1226 ebur?
739 1161 863 1227 ‘'Frater
885 1157 989 1244 ‘'pater
1016 1167 1106 1238 adde;

216 1250 255 1312 Ut
277 1253 384 1332 cuique
407 1263 452 1314 est
473 1262 562 1324 aetas,
586 1252 624 1312 ita
648 1270 796 1330 quemque
818 1253 932 1329 facetus
954 1251 1071 1332 adopta.

217 1336 247 1397 Si
270 1337 348 1399 beno
370 1337 420 1416 qui
444 1347 530 1398 cenat
551 1337 628 1397 bene
650 1338 726 1410 vivit,
749 1339 836 1411 lucet,
860 1355 960 1397 eamus

217 1422 282 1492 Quo
306 1424 387 1484 ducit
409 1423 485 1501 gula,
508 1423 665 1500 piscemur,
688 1440 841 1494 venemur,
864 1431 896 1484 ut
919 1423 988 1482 olim

218 1508 373 1585 Gargilius,
397 1509 447 1586 qui
469 1525 555 1567 mane
579 1507 688 1585 plagas,
710 1507 864 1581 venabula,
888 1525 998 1580 servos,

218 1593 372 1654 [lillertum
394 1593 521 1654 transire
544 1593 639 1651 lorum
664 1592 867 1671 populumque
890 1593 1019 1664 iubebat,

220 1679 300 1740 Unus
323 1689 356 1740 ut
378 1698 394 1738 c
416 1677 515 1739 multis
538 1676 648 1755 populo
671 1685 823 1755 spectante
845 1678 970 1738 referret

216 1764 356 1843 Emptum
379 1764 475 1824 mulus
498 1779 611 1840 aprum.
657 1760 745 1822 Crudi
768 1762 931 1840 tumidique
954 1762 1096 1834 lavemur,

218 1849 294 1920 Quid
317 1849 427 1919 deceat,
451 1847 519 1926 quid
544 1866 605 1907 non
630 1845 721 1919 obliti,
746 1846 858 1907 Caerite
882 1865 948 1907 cera

219 1934 315 2013 Digni,
338 1934 493 2012 remigium
518 1932 654 1992 uitiosum
676 1931 838 1993 Ithacensis
860 1932 946 2005 Ulixi,

220 2020 272 2079 Cui
295 2019 393 2098 potior
415 2019 506 2098 patria
530 2018 586 2077 luit
608 2017 763 2076 interdicta
787 2016 928 2096 voluptas.

219 2104 260 2177 Si,
284 2103 476 2163 Mimnermus
498 2101 541 2161 uti
563 2113 675 2175 censet,
697 2102 762 2162 sine
785 2121 885 2162 amore
908 2102 1040 2179 iocisque

221 2188 266 2249 Nil
289 2198 332 2249 est
355 2187 527 2259 iucundum,
549 2186 627 2247 vivas
650 2188 679 2247 in
704 2204 804 2247 amore
827 2187 968 2265 iocisque.
992 2219 1033 2231 -

223 2273 302 2344 Vive,
323 2273 400 2333 valet
445 2271 548 2349 Siquid
571 2271 677 2332 novisti
700 2272 809 2334 rectius
832 2273 903 2344 istis,

222 2358 370 2420 Candidus
393 2357 526 2436 imperti;
548 2357 572 2417 si
596 2376 667 2429 non,
690 2357 735 2416 his
757 2368 842 2419 utere
865 2376 993 2418 mecum.

647 2629 698 2690 VII

225 2749 363 2827 Quinque
386 2749 448 2810 dies
470 2749 522 2809 tibi
545 2749 694 2828 pollicitus
716 2767 763 2807 me
786 2766 855 2808 rure
878 2747 1019 2818 futurum,

226 2834 364 2895 Sextilem
388 2843 483 2894 totum
506 2833 633 2895 mendax
656 2833 817 2894 desideror.
861 2832 949 2910 Atqui

225 2920 255 2981 Si
278 2938 325 2980 me
346 2920 443 2980 uivere
464 2920 507 2979 uis
529 2937 633 2980 sanum
657 2927 797 2996 recteque
820 2916 974 2989 ualentem,

225 3004 319 3075 Quam
342 3005 414 3066 milri
437 3005 488 3065 das
510 3022 609 3083 aegro,
633 3003 714 3063 dabis
737 3011 889 3080 aegrotare
911 3000 1036 3075 timenti,

155 3101 169 3150 t
228 3090 389 3165 Maecenas,
413 3091 536 3158 reniam,
559 3092 628 3150 dnm
651 3089 725 3148 ficus
746 3089 841 3166 prima
865 3087 1003 3164 calorque

226 3175 455 3255 llissignatorem
480 3176 599 3236 decorat
621 3172 775 3234 lictoribus
798 3173 878 3244 atris,

145 3318 149 3334 ,
226 3261 302 3321 Dum
326 3263 426 3342 pueris
449 3262 546 3321 omnis
569 3268 651 3339 pater
673 3266 702 3318 et
724 3257 882 3318 matercula
905 3257 993 3336 pallet

227 3345 424 3424 Officiosaque
446 3345 584 3408 sedulitas
606 3353 636 3404 et
658 3343 751 3423 opella
774 3343 901 3403 lorensis

227 3432 351 3492 adducit
374 3431 464 3492 labris
487 3439 516 3489 et
537 3438 709 3490 testamenta
731 3428 871 3508 resignat.

143 3527 171 3577 10
228 3517 339 3588 Quodsi
362 3516 465 3577 bruma
491 3515 571 3576 nives
594 3513 715 3574 Albanis
737 3514 843 3574 inlinet
866 3512 952 3592 agris

227 3603 269 3662 Ad
293 3621 373 3663 mare
396 3600 555 3663 descendet
577 3609 655 3660 vates
677 3608 746 3661 tuus
768 3610 798 3660 et
818 3598 874 3659 sibi
899 3606 999 3677 parcet

230 3787 261 3839 Vl
280 3805 302 3840 a.
321 3791 352 3840 50
371 3787 482 3849 laevum]
500 3786 548 3849 (elz
567 3799 673 3837 saeuum
688 3787 692 3851 Ι
708 3787 741 3838 68
758 3786 780 3837 si
798 3784 834 3836 nil

49 3917 51 3920 Α
229 3855 312 3907 Vlla.
332 3855 446 3921 2atqui]
465 3855 513 3918 (vlt
532 3857 609 3919 atque
636 3854 639 3920 Ι
667 3854 740 3906 duis
758 3858 878 3919 recteque
903 3849 989 3902 nidere
1008 3849 1135 3901 ualentem
1155 3851 1193 3913 (o)
1216 3853 1221 3912 Ι

146 3929 160 3977 5
179 3924 300 3990 colorque
317 3926 359 3988 (=
378 3927 426 3987 Ba)
