2656 4448
587 229 777 283 sarimanu
795 232 804 283 1
823 202 871 284 cs'

267 403 334 462 Non
358 421 413 481 ego
437 421 483 463 me
508 402 586 463 claro
611 413 711 463 natam
735 413 827 482 patre,
852 422 913 464 non
937 423 992 483 ego
1015 405 1131 470 circum

269 487 315 548 Me
339 487 513 548 Satureiano
536 489 644 548 vectari
667 506 736 548 rura
760 487 883 559 caballo,

268 572 326 634 Sed
349 574 428 652 quod
453 592 533 635 eram
557 591 663 646 narro;
686 574 915 652 respondeant
938 583 1007 635 tuns
1029 584 1074 637 est
1096 595 1171 650 mos,

267 658 378 732 Pauoa;
402 658 485 732 abeo,
509 669 538 717 et
560 676 678 718 revocas
701 677 783 718 nono
807 667 874 736 post
896 678 997 720 mense
1020 659 1166 741 iubesque

265 742 339 804 Esse
363 745 393 803 in
417 745 579 804 amicorum
604 761 738 803 numero.
783 742 924 822 Magnum
946 745 1003 805 hoc
1026 764 1081 824 ego
1104 747 1193 823 duco,

267 827 352 898 Quod
376 829 472 907 placui
495 828 558 900 tibi,
582 829 632 905 qui
654 829 734 907 turpi
757 828 889 889 secernis
911 830 1079 904 honestum,

265 912 331 972 Non
356 923 438 993 patre
462 912 622 992 praeclaro,
645 913 697 973 sed
718 912 776 971 vita
799 923 827 972 et
849 922 971 992 pectore
994 932 1082 993 puro.

267 999 355 1074 Atqui
379 1000 403 1059 si
425 999 501 1058 vitiis
525 998 724 1058 mediocribus
747 1015 780 1057 ac
802 1016 866 1058 mea
889 999 992 1077 paucis

268 1083 408 1144 Mendosa
431 1092 474 1144 est
497 1091 610 1155 natura,
634 1082 744 1160 alioqui
767 1092 858 1156 recta,
880 1084 960 1145 velut
983 1084 1007 1144 si

270 1167 398 1246 Egregie
420 1169 572 1247 inspersos
595 1168 795 1245 reprehendas
819 1186 946 1246 corpore
969 1187 1085 1243 naevos,

267 1252 299 1312 Si
322 1272 419 1331 neque
441 1253 588 1313 avaritiam
614 1272 709 1330 neque
733 1254 835 1313 sordes
858 1272 914 1313 nec
937 1254 1011 1313 mala
1035 1255 1126 1316 lustra

267 1337 383 1399 Obiciat
404 1357 481 1398 vere
494 1337 651 1416 quisquam
675 1337 755 1410 milri,
778 1356 871 1415 purus
894 1347 923 1398 et
945 1339 1058 1411 insons,

267 1422 306 1483 Ut
327 1442 375 1483 me
398 1423 571 1496 collaudem,
595 1423 619 1483 si
642 1432 672 1482 et
693 1423 755 1482 vivo
780 1440 865 1483 carus
888 1423 996 1495 amicis,

267 1508 361 1568 Causa
383 1509 438 1568 fuit
459 1517 543 1587 pater
565 1508 620 1580 his,
644 1508 694 1585 qui
716 1526 817 1567 macro
840 1526 955 1587 pauper
975 1509 1068 1586 agello

265 1593 366 1653 Noluit
388 1594 418 1653 in
443 1593 520 1653 Flavi
543 1594 646 1653 ludum
668 1612 714 1654 me
737 1592 863 1665 mittere,
887 1594 985 1672 magni

265 1677 331 1748 Quo
354 1679 438 1758 pueri
461 1679 577 1756 magnis
600 1697 616 1737 e
639 1677 863 1739 centurionibus
887 1679 944 1738 orti

263 1763 360 1823 Laevo
383 1764 521 1843 suspensi
543 1763 655 1823 loculos
678 1762 868 1841 tabulamque
890 1762 1000 1823 lacerto

268 1848 353 1909 lbant
376 1858 501 1909 octonos
523 1850 689 1908 relerentes
712 1847 812 1907 ldibus
835 1847 920 1920 aeria

266 1934 324 1994 Sed
347 1952 474 2012 puerum
497 1941 541 1994 est
563 1952 651 1993 ausus
673 1933 796 1992 Romam
818 1942 937 2011 portare
959 1934 1127 1994 docendum

267 2019 355 2088 Artis,
380 2037 452 2096 quas
475 2019 579 2077 doceat
603 2018 696 2094 quivis
719 2036 809 2095 eques
832 2026 920 2096 atque
942 2028 1064 2079 senator

266 2103 366 2163 Semet
389 2112 559 2181 prognatos.
605 2102 721 2163 Vestem
745 2121 904 2181 servosque
926 2103 1078 2182 sequentis

266 2188 299 2246 ln
324 2205 431 2264 magno
455 2196 488 2247 ut
511 2186 622 2266 populo
645 2187 722 2265 siqui
745 2187 873 2259 vidisset,
897 2188 971 2247 avita

179 2278 209 2329 86
266 2272 311 2331 Ex
332 2291 365 2332 re
388 2273 524 2351 praeberi
547 2281 683 2350 sumptus
705 2271 777 2331 milri
800 2273 934 2332 crederet
956 2272 1031 2334 illos.

265 2357 332 2436 lpse
355 2358 426 2417 mihi
449 2367 547 2418 custos
570 2357 844 2436 incorruptissimus
866 2358 963 2418 omnis

266 2441 384 2504 Circum
406 2442 542 2503 doctores
565 2442 673 2502 aderat.
718 2442 796 2513 Quid
818 2440 931 2502 multa?
953 2442 1103 2520 pudicum,

266 2528 325 2599 Qui
347 2529 460 2607 primus
483 2528 597 2588 virtutis
619 2528 724 2600 honos,
746 2528 869 2587 servavit
891 2527 927 2587 ab
951 2527 1032 2586 omni

265 2614 332 2674 Non
355 2613 451 2675 solum
473 2614 559 2684 lacto,
581 2631 684 2672 verum
707 2612 868 2691 opprobrio
892 2630 1011 2690 quoque
1034 2610 1125 2690 turpi,

178 2704 207 2755 85
265 2699 324 2758 Nec
348 2699 454 2773 timuit,
477 2698 533 2758 sibi
556 2698 685 2757 novitio
709 2697 775 2774 quis
796 2705 924 2756 verteret
946 2696 1025 2769 olim,

267 2783 296 2844 Si
319 2802 427 2862 praeco
450 2802 554 2862 parvas
575 2791 634 2856 aut,
658 2790 690 2841 ut
712 2782 767 2841 fuit
790 2781 861 2860 ipse,
885 2790 1004 2842 coactor

264 2868 414 2929 Mercedes
428 2884 586 2946 sequerer;
604 2884 700 2944 neque
717 2886 770 2945 ego
788 2885 882 2926 essem
899 2875 1035 2944 questus:
1052 2873 1081 2924 at
1096 2865 1154 2926 hoo
1169 2881 1250 2925 nuno

258 2953 341 3032 ‚Laus
364 2954 405 3013 illi
428 2954 552 3014 debetur
575 2962 604 3012 et
626 2971 642 3011 a
664 2970 711 3011 me
734 2952 825 3028 gratia
848 2953 950 3013 maior.
974 2984 1015 2995 —

254 3036 310 3098 'Nil
332 3056 379 3097 me
401 3039 549 3117 paeniteat
571 3055 676 3099 sanum
698 3037 789 3115 patris
810 3037 907 3108 huius,
931 3054 1025 3113 eoque
1193 3106 1195 3111 ,

177 3131 206 3180 90
262 3124 339 3193 Non,
363 3132 396 3182 ut
416 3141 523 3200 magna
546 3122 613 3183 dolo
637 3124 746 3182 lactum
771 3131 858 3199 negat
881 3139 944 3182 esse
966 3139 1020 3181 suo
1043 3137 1121 3199 pars,

265 3206 351 3277 Quod
375 3226 435 3266 non
458 3209 606 3284 ingenuos
628 3207 735 3267 habeat
757 3207 911 3284 clarosque
933 3205 1074 3284 parentis,

265 3291 313 3350 Sic
335 3309 382 3350 me
406 3292 577 3367 delendam;
601 3292 690 3370 longe
713 3310 776 3350 mea
800 3291 946 3369 discrepat
969 3290 1031 3351 istis

265 3375 302 3435 Et
323 3393 379 3434 vox
401 3385 430 3434 et
452 3377 535 3436 ratio.
582 3377 655 3436 Nam
678 3377 701 3436 si
725 3384 829 3436 natura
852 3376 968 3435 iuberet

266 3574 297 3626 Vl
315 3592 338 3626 v.
357 3578 389 3627 65
409 3583 453 3626 aut
470 3577 506 3640 (v)
527 3578 531 3639 Ι
553 3579 585 3629 66
604 3577 717 3644 alioquin
740 3575 744 3643 Ι
769 3591 829 3627 uera
847 3577 943 3641 Porplr.
962 3576 1019 3626 cod.
1039 3574 1109 3624 Mon.
1134 3572 1138 3639 Ι
1163 3574 1195 3624 at
1214 3572 1251 3623 in·

178 3659 281 3709 sparsos
296 3645 300 3708 l
317 3645 348 3695 68
366 3645 524 3706 nec]=B⁰:
543 3660 572 3696 ac
589 3663 604 3696 v
624 3653 667 3697 aut
685 3646 780 3711 Por-ple.
798 3645 880 3708 Moru,
898 3645 938 3696 Pr.
957 3644 1019 3693 Aor.
1039 3643 1096 3693 aod.
1115 3641 1178 3692 bibl.
1196 3655 1249 3692 roo.

176 3728 233 3777 rog.
252 3713 357 3776 (Bentl.)
372 3709 378 3782 Ι
393 3714 425 3763 69
445 3713 580 3780 quisquam
605 3729 663 3765 nere
688 3715 691 3778 Ι
717 3716 748 3766 15
767 3714 867 3765 octonis
880 3751 886 3763 .
899 3751 906 3765 .
920 3748 926 3761 .
939 3726 996 3762 aera
1013 3714 1016 3775 Ι
1033 3713 1065 3763 83
1084 3708 1198 3761 seruabit
1217 3709 1251 3773 (a)

178 3786 258 3846 atque
276 3782 338 3831 inde
355 3780 475 3832 seruabat
493 3780 599 3848 (61185
618 3786 737 3845 verteret,
756 3781 945 3846 olimog.187
964 3786 991 3831 at
1009 3779 1066 3842 hoc]
1084 3780 1120 3843 (v)
1137 3776 1252 3842 liutger-

177 3853 232 3898 aiur
252 3850 316 3901 Ven.
337 3849 393 3899 leet.
413 3865 470 3914 cop.
488 3848 555 3898 XVll
571 3866 597 3915 p.
612 3853 673 3902 339:
694 3849 725 3900 ad
744 3850 793 3901 hoc
811 3867 826 3898 a
844 3851 887 3913 (=
900 3849 974 3912 ΒΜ)
994 3847 1026 3898 ad
1044 3848 1107 3898 haec
1125 3862 1150 3896 v.
1169 3846 1186 3897 l.
1206 3860 1250 3911 op.

178 3917 216 3967 Pa.
236 3919 298 3967 Aer.
317 3917 393 3966 Β1616
411 3918 445 3981 (a)
464 3923 491 3968 at
509 3917 551 3967 hic
569 3920 603 3980 (o)
622 3919 654 3968 ob
673 3918 722 3968 hoc
741 3919 775 3980 (o)
794 3923 820 3967 et
837 3921 877 3967 sio
894 3917 955 3969 Αἶά.
974 3933 999 3969 a.
1019 3918 1081 3969 1501
1102 3919 1129 3964 et
1149 3916 1215 3967 1509
1247 3956 1250 3964 .
