2656 4448
534 191 708 244 GARMlNUM
726 195 757 245 ΙΙΙ
776 198 800 246 3.

255 362 315 422 Hac
331 371 392 422 arte
409 363 515 423 Pollux
531 374 560 424 et
575 383 664 442 vagus
679 365 821 428 Ilercules

185 457 212 506 10
255 447 363 508 Enisus
379 465 462 508 arces
477 448 571 527 attigit
586 449 697 527 igneas,

300 533 382 602 Quos
397 533 476 592 inter
491 536 640 611 Augustus
655 535 833 596 recumbens

354 617 507 695 Purpureo
530 617 612 678 bibet
628 637 678 679 ore
696 631 806 692 nectar,

255 734 317 794 Hac
334 745 361 794 te
378 746 554 807 merentem,
571 737 685 796 bacche
700 747 793 815 pater,
810 748 877 799 tuae

256 819 369 880 Verere
384 820 483 898 tigres,
500 821 619 881 indocili
636 821 736 899 iugum

187 915 214 962 15
302 904 384 964 Collo
400 905 560 978 trahentes,
577 907 630 965 bac
646 906 789 975 Quirinus

354 989 454 1050 Martis
470 991 554 1068 equis
570 992 736 1051 Acheronta
753 993 836 1069 lugit.

257 1106 377 1166 Gratum
393 1108 507 1167 elocuta
523 1108 748 1170 consiliantibus

256 1191 372 1251 lunone
387 1192 473 1252 divis:
488 1187 588 1265 ‘lli0n‚
605 1193 679 1252 llion

304 1275 409 1337 Fatalis
424 1276 615 1355 incestusque
631 1277 718 1338 iudex

188 1371 216 1419 20
359 1360 397 1420 Et
412 1362 518 1422 mulier
532 1362 687 1441 peregrina
703 1366 790 1423 vertit

261 1479 293 1538 ln
311 1479 473 1556 pulverem,
490 1499 525 1539 ex
542 1499 600 1558 quo
617 1480 749 1540 destituit
765 1482 835 1542 deos

263 1563 399 1623 Mercede
414 1573 498 1642 pacta
515 1565 695 1636 Laomedon,
711 1566 781 1625 mibi

307 1648 470 1726 Castaeque
487 1649 656 1710 damnatum
673 1650 820 1710 Minervae

358 1733 429 1793 Cum
447 1735 557 1812 populo
573 1745 602 1793 et
617 1735 691 1794 duce
706 1735 905 1796 fraudulento.

189 1862 217 1912 25
261 1850 320 1910 Iam
337 1870 392 1911 nec
408 1852 558 1912 Lacaenae
573 1852 710 1930 splendet
725 1852 872 1914 adulterae

263 1935 405 1995 Famosus
420 1937 527 2014 hospes
544 1955 599 1996 nec
616 1937 724 1996 Priami
739 1939 844 1999 domus

309 2020 427 2079 Periura
443 2022 586 2099 pugnacis
601 2022 726 2081 Achivos

361 2103 513 2166 Hectoreis
529 2105 636 2184 opibus
651 2107 787 2182 relringit

262 2223 435 2300 Nostrisque
451 2223 570 2283 ductum
587 2223 779 2284 seditionibus

191 2317 219 2366 30
263 2307 375 2367 Bellum
392 2309 515 2368 resedit:
532 2309 669 2387 protinus
685 2318 713 2368 et
728 2309 823 2386 gravis

310 2391 371 2452 lras
387 2402 416 2452 et
431 2393 558 2454 invisum
575 2402 724 2472 nepotem,

364 2477 469 2537 Troica
485 2497 572 2555 quem
589 2480 704 2556 peperit
718 2477 865 2549 sacerdos

264 2594 347 2654 Marti
362 2595 529 2668 redonabo;
545 2597 625 2656 illum
643 2614 696 2674 ego
713 2596 823 2655 lucidas

265 2679 343 2740 lnirc
359 2680 453 2753 sedes,
469 2680 583 2741 discere
600 2681 727 2740 nectaris

193 2773 222 2821 35
308 2763 402 2824 Sucos
418 2774 448 2825 et
463 2765 588 2825 adscribi
607 2765 713 2843 quietis

362 2849 524 2910 Ordinibus
540 2851 633 2928 patiar
648 2851 781 2909 deorum.

265 2967 340 3026 Dum
359 2967 464 3046 longus
480 2967 557 3028 inter
573 2969 681 3028 saeviat
696 2968 771 3027 Ilion

266 3051 451 3129 Romamque
466 3061 585 3129 pontus,
602 3053 733 3131 qualibet
748 3053 847 3112 exides

313 3134 346 3193 ln
363 3146 446 3214 parte
462 3147 609 3215 regnanto
628 3138 712 3208 beati,

195 3229 223 3277 tu
352 3220 427 3280 llum
445 3222 551 3281 Priami
568 3222 740 3298 Paridisque
755 3221 842 3280 busto

269 3339 394 3399 lnsultet
409 3347 574 3398 armentum
592 3350 622 3399 et
637 3338 748 3398 catulos
764 3339 843 3398 serae

268 3424 371 3484 Celent
386 3423 507 3496 inultae,
523 3432 581 3483 stet
598 3423 770 3502 Capitolium

316 3508 447 3586 Fulgens
463 3508 708 3586 triumphatisque
724 3508 816 3586 possit

365 3593 457 3652 Roma
473 3593 557 3651 lerox
571 3593 640 3654 dare
656 3594 719 3653 iura
735 3593 834 3652 Medis.

226 3725 256 3777 lll
274 3743 297 3777 u.
320 3728 350 3778 12
370 3725 454 3790 bibit!
472 3727 591 3788 [tt-24]
610 3727 639 3793 Μ
658 3730 722 3780 1882
738 3728 742 3794 Ι
758 3731 789 3781 21
809 3742 858 3793 qua
877 3726 1065 3777 Laedeuannua
1082 3725 1098 3775 l.
1118 3723 1162 3776 e.l
1178 3729 1218 3790 ll),

141 3793 453 3929 [13171-7l2fflllffdamnatam
465 3792 614 3844 Glareanus
623 3796 726 3861 (Bentl,
739 3795 927 3846 Laebmomeus
940 3794 957 3843 l.
971 3794 998 3855 l.)
1021 3790 1026 3859 Ι
1049 3795 1082 3843 34
1095 3791 1189 3844 ducere
1221 3802 1224 3859 Ι
