2656 4448
493 246 665 299 caRmNUlu
683 248 693 298 1
712 251 734 299 4.
754 251 778 299 5.

614 418 650 477 lV

229 522 451 583 Solvituracris
467 521 560 581 biems
574 530 656 598 grata
672 521 734 581 vice
750 521 825 581 veris
842 531 871 582 et
886 521 1004 591 Favoni,

274 607 468 685 Trahuntque
483 606 576 667 siccas
592 606 744 665 machinae
760 606 875 667 carinas

230 694 272 752 Ac
288 710 385 770 neque
401 692 459 751 iam
475 690 597 751 stabulis
610 691 717 770 gaudet
732 706 822 770 pecus
838 700 888 751 aut
902 700 1000 751 arator
1015 691 1075 769 igni

275 777 335 837 Nec
351 785 433 855 prata
451 776 533 836 canis
548 775 676 836 albicant
692 776 815 852 pruinis.

229 861 288 922 lam
305 861 447 940 Cytherea
464 861 571 921 choros
588 860 669 920 ducit
684 860 782 920 Venus
798 860 962 921 inminente
978 861 1047 920 luna
1148 871 1172 920 ¹5

277 945 458 1025 lunctaeque
473 945 617 1025 Nymphis
633 943 749 1005 Gratiae
765 947 906 1007 decentes

229 1031 350 1091 Alterno
366 1031 474 1091 terrain
490 1030 627 1109 quatiunt
641 1030 724 1108 pede,
741 1031 810 1090 durn
825 1030 921 1109 gravis
936 1029 1096 1111 Cyclopum

277 1115 425 1176 Volcanus
441 1116 549 1176 ardens
563 1115 630 1176 visit
644 1115 787 1176 officinas.

231 1200 319 1260 Nunc
334 1202 419 1261 decet
434 1210 485 1260 aut
499 1199 582 1260 viridi
598 1200 722 1260 nitidum
739 1208 827 1280 caput
842 1198 985 1278 impedire
1000 1208 1096 1279 myrto

276 1289 333 1344 Aut
348 1286 430 1356 flore,
446 1294 543 1345 terrae
559 1303 647 1363 quem
663 1286 763 1344 lerunt
777 1286 898 1357 solutae,
1145 1291 1174 1343 10

229 1369 316 1430 Nunc
331 1379 361 1430 et
375 1371 404 1429 in
422 1367 569 1430 umbrosis
585 1369 685 1429 Fauno
702 1371 786 1430 decet
800 1369 944 1430 inmolare
959 1369 1042 1440 lucis,

277 1455 336 1515 Seu
351 1462 454 1532 poscat
468 1472 543 1531 agna
560 1453 619 1514 sive
634 1453 715 1513 malit
729 1454 832 1514 baedo.
849 1488 891 1499 —

229 1538 339 1599 Pallida
355 1556 435 1599 mors
450 1555 545 1616 aequo
562 1537 656 1616 pulsat
672 1538 747 1617 pede
763 1557 928 1617 pauperum
944 1539 1081 1600 tabernas

277 1623 452 1702 Regumque
467 1623 568 1683 turris.
614 1622 637 1683 0
655 1623 739 1683 beate
756 1623 842 1696 Sesti,

232 1708 312 1768 Vitae
327 1726 440 1768 summa
456 1707 553 1768 brevis
568 1725 652 1785 spem
669 1726 725 1768 nos
739 1718 816 1769 vetat
831 1707 971 1768 incohare
983 1707 1117 1785 longam3
1146 1715 1174 1766 15

279 1793 338 1854 lam
354 1802 383 1853 tc
399 1800 513 1872 premet
530 1811 590 1852 nox
606 1792 779 1872 fabulaeque
795 1792 898 1854 Manes

233 1877 270 1938 Et
285 1879 390 1938 domus
406 1878 488 1938 exilis
503 1877 648 1952 Plutonia,
666 1895 724 1955 quo
740 1878 828 1939 simul
844 1878 960 1950 moeris,

276 1963 337 2023 Nec
352 1981 444 2041 regna
461 1962 520 2022 vini
535 1963 658 2023 sortiere
675 1962 739 2024 talis

232 2048 294 2107 Nec
309 2057 445 2108 tenerum
462 2046 589 2126 Lycidan
605 2047 761 2120 mirabere,
777 2066 835 2126 quo
851 2047 926 2108 calet
940 2048 1076 2108 iuventus

278 2132 364 2194 Nunc
380 2133 476 2192 omnis
491 2141 520 2193 et
535 2149 602 2192 mox
617 2133 745 2210 virgines
759 2133 913 2212 tepebunt.
1147 2139 1176 2188 20

631 2333 653 2390 V

236 2436 309 2507 Quis
324 2435 415 2495 multa
431 2435 548 2514 gracilis
564 2445 592 2495 te
608 2452 684 2514 puer
700 2436 729 2494 in
747 2453 812 2498 rosa

236 2521 377 2581 Perfusus
393 2520 510 2599 liquidis
525 2529 611 2597 urget
627 2519 768 2581 odoribus

281 2605 382 2676 Grato,
399 2606 516 2685 Pyrrha,
533 2605 589 2666 sub
605 2602 714 2665 antro?

333 2689 385 2750 Cui
401 2689 500 2750 ilavarn
518 2690 623 2768 religas
639 2708 763 2761 comam,

235 2792 364 2870 Simplex
380 2789 553 2851 munditiis?
570 2792 628 2851 beu
644 2792 780 2870 quotiens
794 2791 881 2850 tidem

237 2878 421 2954 Mutatosque
437 2875 508 2937 deos
523 2875 606 2935 tlebit
622 2886 651 2936 et
667 2894 769 2954 aspera

281 2961 378 3039 Nigris
393 2978 520 3038 aequora
536 2961 630 3020 tentis

334 3044 513 3104 Emicabitur
528 3045 670 3117 insolens

237 3147 294 3218 Qui
310 3165 392 3206 nunc
409 3156 438 3206 te
454 3147 562 3207 fruitur
577 3147 716 3206 credulus
731 3164 828 3217 aurea,
868 3166 869 3169 ¹

237 3231 295 3302 Qui
310 3249 427 3310 semper
442 3250 571 3305 vacuam,
588 3249 705 3310 semper
720 3231 872 3291 amabilem

284 3316 398 3396 Sperat,
417 3317 532 3396 nescius
547 3335 636 3377 aurae

333 3400 476 3462 Fallacis‘l
491 3436 533 3446 -—
549 3402 655 3474 Miseri,
673 3401 779 3478 quibos

236 3500 409 3580 lutemptata
427 3503 519 3562 nites:
536 3520 583 3562 me
599 3501 697 3562 tabula
713 3519 796 3562 sacer

237 3584 336 3645 Votiva
352 3588 448 3665 paries
463 3586 573 3647 indicat
587 3587 671 3647 uvida

284 3671 479 3748 Suspendisse
495 3672 609 3749 potenti

336 3756 514 3817 Vestimenta
530 3755 618 3815 maris
634 3756 698 3815 deo.

194 3887 228 3938 lV
246 3904 270 3939 υ.
288 3890 303 3940 8
321 3888 372 3938 urit
387 3889 391 3953 l
409 3890 439 3940 12
458 3903 548 3951 agnam
564 3887 568 3954 Ι
584 3887 679 3939 haedos
698 3889 734 3950 (c)
753 3887 861 3939 haedum
880 3887 946 3936 Be?

195 3954 217 4005 V
235 3973 258 4007 n.
280 3959 310 4008 14
328 3956 430 4007 humida
448 3959 484 4021 (v)
