2656 4448
513 223 704 278 sarmarum
720 223 729 274 l
749 227 772 278 7.
792 227 815 278 8.

215 399 361 479 Expressa
384 399 505 459 arbusto
527 399 637 477 regerit
659 398 799 471 convicia,
823 398 915 457 durus

214 484 417 546 Vindemiator
439 493 466 543 et
490 484 626 554 invictus,
649 485 697 543 cui
719 501 806 562 saepe
828 482 922 542 viator

215 569 356 631 Cessisset
377 587 483 648 magna
507 568 688 648 compellans
709 587 780 629 voce
803 567 951 628 cuculum.

214 656 252 715 At
275 655 412 728 Graecus,
436 663 592 734 postquam
615 662 659 714 est
680 653 752 713 ltalo
776 654 912 731 perfusus
935 662 1029 726 aceto,

215 740 335 801 Persius
357 740 514 800 exclamat:
534 732 604 818 ‘per
624 756 759 817 magnos,
782 738 882 811 Brute,
906 739 977 799 deos
999 747 1028 798 te

217 825 287 899 Oro,
312 825 362 903 qui
385 843 470 904 reges
492 825 647 884 consueris
668 823 782 896 tollere,
806 841 861 883 cur
883 841 943 882 non

215 909 303 970 llnnc
325 911 437 989 Regem
459 906 595 988 iugulas?
619 927 742 988 operum
766 909 831 980 hoc,
854 907 1044 981 mihicrede,
1173 919 1202 970 ³5

842 1001 963 1054 tuorum
985 983 1047 1055 est'

591 1079 743 1089 ...-—-—

633 1213 697 1273 Vlll

217 1333 294 1394 Olim
316 1341 441 1393 truncus
464 1350 544 1392 eram
567 1330 704 1403 ficulnus,
728 1332 831 1392 inutile
854 1333 977 1411 lignum,

216 1417 290 1479 Cum
312 1417 403 1491 labar,
427 1417 558 1478 incertus
579 1434 733 1477 scamnum
755 1419 905 1477 faceretne
928 1418 1078 1497 Priapum,

216 1503 318 1563 Maluit
339 1521 403 1564 esse
426 1503 530 1562 deum:
553 1501 626 1562 deus
648 1501 717 1561 inde
740 1519 805 1579 ego,
828 1503 926 1562 lurum
949 1503 1103 1582 aviumque

216 1587 339 1648 Maxima
362 1587 503 1661 lormid03
528 1605 597 1646 nam
620 1587 700 1646 fures
722 1587 823 1647 dextra
846 1596 964 1647 coercet

217 1672 431 1751 Obsoaenoqne
453 1671 544 1731 ruber
565 1680 721 1751 porrectus
742 1671 778 1732 ab
802 1671 925 1750 inguine
947 1672 1041 1750 palus,
1189 1682 1204 1732 5

216 1758 270 1819 Ast
290 1759 474 1837 importunas
497 1756 622 1817 volucris
645 1757 675 1816 ln
698 1757 806 1817 vertice
828 1757 963 1817 harundo

198 1843 322 1903 *Terret
343 1844 399 1902 fixa
421 1852 556 1920 vetatque
580 1842 663 1902 novis
686 1843 841 1902 considere
863 1842 895 1901 in
919 1841 1021 1903 bortis.

217 1927 282 1989 Huc
304 1928 387 2007 prius
409 1928 541 2006 angustis
563 1928 655 1988 eiecta
678 1928 816 1987 cadavera
838 1926 919 1988 cellis

217 2012 383 2074 Conservus
403 2014 452 2072 vili
475 2013 618 2092 portanda
641 2013 756 2072 locabat
778 2013 807 2072 in
831 2031 915 2088 arca;

217 2098 281 2159 lloc
302 2099 427 2158 miserae
450 2098 529 2176 plebi
551 2098 647 2158 stabat
669 2116 827 2158 commune
850 2098 1029 2176 sepulcrum,
1175 2106 1203 2157 lu

217 2182 379 2243 Pantolabo
402 2201 521 2244 scurrae
543 2183 789 2261 Nomentanoque
813 2184 924 2263 nepoti.

217 2268 295 2328 Mille
317 2268 407 2347 pedes
429 2269 460 2328 in
483 2270 590 2339 fronte,
613 2277 764 2329 trecentos
787 2271 891 2347 cippus
913 2269 944 2329 in
967 2286 1070 2347 agrum

218 2353 272 2413 llic
294 2352 390 2425 dabat,
413 2353 537 2413 heredes
559 2362 785 2413 monumentum
808 2373 846 2413 ne
868 2364 1053 2430 sequeretur.

216 2438 303 2498 Nunc
325 2438 394 2497 licet
415 2437 554 2515 Esquiliis
576 2437 706 2499 babitare
729 2437 896 2499 salubribus
918 2447 1006 2516 atque

216 2526 331 2601 Aggere
355 2523 384 2581 in
408 2522 509 2601 aprico
532 2524 661 2601 spatiari,
686 2542 742 2600 qua
766 2522 853 2582 modo
876 2523 973 2583 tristes
1178 2533 1205 2582 15

217 2607 299 2667 albis
321 2607 480 2667 informem
502 2608 676 2686 spectabant
699 2608 815 2669 ossibus
836 2625 955 2686 agrum;

216 2691 291 2753 Cum
312 2691 383 2751 mihi
407 2711 467 2752 non
490 2702 604 2753 tantum
627 2694 766 2771 luresque
789 2694 927 2769 leraeque
949 2702 1049 2752 suetae
1161 2738 1163 2741 .

216 2777 304 2837 Hunc
326 2795 429 2837 vexare
451 2778 551 2838 locum
574 2797 662 2839 curae
684 2788 755 2838 sunt
777 2786 865 2855 atque
887 2776 990 2848 labori,

216 2861 365 2932 Quantum
389 2863 569 2924 carminibus
591 2882 666 2941 quae
687 2872 805 2923 versant
825 2871 914 2940 atque
936 2861 1059 2922 venenis

216 2946 369 3008 Humanos
392 2949 515 3009 animos.
560 2948 619 3009 llas
642 2947 723 3008 nullo
747 2948 871 3026 perdere
893 2964 1015 3025 possum
1170 2957 1204 3006 ,ao

215 3032 276 3092 Nec
298 3032 457 3112 prohibere
479 3034 576 3105 modo,
600 3033 687 3093 simul
710 3051 743 3092 ac
766 3050 836 3110 vaga
859 3031 929 3092 luna
952 3033 1092 3092 decorum

215 3116 341 3177 Protulit
364 3137 406 3191 os,
429 3118 500 3196 quin
525 3137 591 3179 ossa
612 3118 712 3196 legant
734 3116 899 3195 herbasque
922 3117 1067 3178 nocentis.

215 3201 279 3261 Vidi
302 3212 419 3279 egomet
442 3203 523 3280 nigra
546 3203 726 3264 succinctam
748 3203 853 3262 vadere
875 3202 950 3281 palla

216 3284 375 3371 Canidiam,
398 3287 523 3365 pedibus
546 3288 633 3348 nudis
655 3305 801 3366 passoque
824 3287 939 3367 capillo,

215 3370 288 3432 Cum
311 3373 425 3450 Sagana
448 3372 558 3432 maiore
581 3373 758 3445 ululantem;
783 3373 876 3452 pallor
898 3382 1038 3450 utrasque
1173 3383 1202 3432 ab

215 3455 336 3517 Fecerat
357 3458 520 3518 horrendas
542 3458 693 3537 adspectu.
738 3458 876 3537 Scalpere
898 3466 1008 3518 terram

217 3707 270 3759 Vlll
287 3725 310 3759 o.
330 3711 343 3758 7
363 3707 472 3759 insidere
488 3706 493 3774 Ι
511 3711 541 3760 11
552 3724 590 3772 sq.
610 3709 698 3773 nepoti
722 3708 792 3760 mille
810 3709 920 3774 Porpb.;
939 3707 974 3759 M.
993 3709 1146 3772 Petschenig
1165 3706 1201 3766 cf.

126 3781 179 3829 aet.
200 3792 294 3844 gymn.
318 3777 408 3827 Auser.
432 3794 457 3830 u.
477 3778 542 3828 1877
566 3793 592 3841 p.
617 3778 665 3827 126
692 3776 696 3841 Ι
725 3779 756 3828 13
783 3776 831 3827 hoe
855 3776 933 3828 dabat
950 3774 1057 3826 heredes
1075 3791 1107 3826 m.
1127 3777 1151 3827 J.
1172 3775 1199 3826 S.

127 3845 229 3913 Spayer
247 3847 347 3897 obsera.
366 3848 392 3894 et
409 3845 509 3895 emend.
523 3861 551 3910 p.
565 3846 644 3910 aeq.
666 3844 670 3908 Ι
690 3843 781 3904 dabat;
794 3844 843 3894 alii
862 3841 867 3913 Ι
890 3847 921 3897 14
933 3842 1059 3894 salubrius
1078 3846 1111 3895 ai.
1130 3843 1169 3894 Me
1191 3845 1197 3905 Ι

129 3918 162 3967 lb
181 3913 242 3980 qua]
262 3913 362 3963 Bentlz
382 3928 433 3978 quo
449 3913 453 3979 Ι
470 3915 500 3965 18
519 3914 571 3964 sint
588 3915 623 3977 (o)
638 3915 643 3977 l
661 3915 691 3964 19
710 3918 804 3963 nexant
822 3910 858 3980 (v)

178 4005 295 4048 Horatius.
967 3998 998 4047 10
