2656 4448
489 240 721 294 EPISTULARUM
738 241 757 292 ll
778 247 800 295 1.
819 244 843 295 2.
1141 239 1203 298 219

215 417 252 477 Et
274 414 457 477 formidatam
480 416 596 476 Parthis
617 423 647 474 te
670 415 805 495 principe
829 415 963 486 Romam,

213 502 243 562 Si
267 510 410 579 quantum
434 519 572 580 cuperem
596 519 713 579 possem
738 519 873 579 quoque;
895 501 946 560 sed
963 519 1060 578 neque
1081 519 1202 580 parvum

214 587 338 648 Carmen
362 586 497 646 maiestas
519 587 625 664 recipit
646 593 696 644 tua
720 605 775 647 nec
798 603 882 645 meus
906 587 994 646 audet

212 672 286 732 Rem
309 680 453 750 temptare
475 671 581 750 pudor,
605 687 693 748 quam
716 671 792 732 vires
814 673 893 731 lerrc
915 679 1064 732 recusent.

208 756 359 817 vSedulitas
380 766 478 815 autem
501 756 589 816 stulte
613 774 700 833 quem
723 756 817 835 diligit
838 766 934 834 urget,
1160 765 1205 817 160

213 841 374 921 Praecipue
397 859 463 901 cum
486 860 518 901 se
542 842 674 902 numeris
696 841 885 901 commendat
907 851 936 902 et
958 849 1037 917 arte3

213 927 304 988 Discit
326 926 405 987 enim
429 927 515 987 citius
538 926 730 1005 meminitque
753 925 894 986 libentius
915 927 997 1000 illud,

107 1026 109 1030 ·
214 1011 299 1082 Quod
323 1012 389 1090 quis
411 1010 533 1083 deridet,
556 1030 643 1090 quam
667 1011 745 1089 quod
769 1011 877 1091 probat
898 1021 928 1074 et
949 1020 1117 1077 veneratur.

212 1097 259 1157 Nil
281 1115 383 1156 moror
406 1097 545 1169 officium,
569 1096 648 1175 quod
671 1115 718 1157 me
740 1107 841 1175 gravat
863 1116 896 1157 ac
920 1116 1017 1175 neque
1040 1098 1109 1156 licto

171 1206 176 1214 ·
213 1180 246 1242 In
270 1182 355 1261 peius
375 1180 454 1240 voltu
478 1181 607 1260 proponi
630 1199 733 1242 cereus
755 1201 879 1260 usquam
1159 1191 1203 1241 tto

212 1267 273 1328 Nec
295 1285 384 1346 prave
407 1266 490 1326 factis
512 1266 645 1326 decorari
667 1267 801 1328 versibus
824 1278 905 1346 opto,

212 1351 256 1412 Ne
279 1351 401 1412 rubeam
425 1351 529 1430 pingui
552 1352 679 1411 donatus
702 1369 826 1412 munere
849 1361 878 1412 et
900 1371 959 1412 una

214 1435 286 1496 Cum
310 1437 454 1516 scriptore
477 1453 542 1495 meo
567 1454 652 1515 capsa
675 1448 832 1514 porrectos
854 1447 956 1516 operta

214 1521 337 1582 Delerar
359 1522 389 1581 in
413 1521 509 1580 vicum
532 1522 709 1582 vendentem
732 1530 780 1582 tus
802 1531 832 1581 et
854 1522 961 1582 odores

214 1606 250 1666 Et
272 1607 358 1686 piper
380 1614 410 1666 et
432 1605 573 1683 quidquid
598 1607 706 1667 chartis
729 1607 864 1667 amicitur
887 1607 1004 1685 ineptis.
1160 1617 1203 1666 tid

647 1930 674 1990 ll

213 2047 310 2118 Flore,
333 2047 414 2108 bono
437 2048 576 2127 claroque
599 2049 692 2109 fidelis
715 2049 807 2110 amice
830 2048 950 2117 Neroni,

213 2131 311 2210 Siquis
334 2134 409 2193 forte
431 2132 500 2193 velit
520 2152 646 2214 puerum
670 2133 721 2194 tibi
745 2133 871 2193 vendere
895 2144 995 2193 natum

214 2216 324 2277 Tibure
346 2217 392 2277 vel
415 2218 523 2290 Gabiis,
546 2229 575 2279 et
598 2231 696 2280 tecum
720 2220 762 2280 sic
785 2227 851 2299 agat
869 2215 938 2278 ‘llic
962 2230 991 2279 et

216 2301 363 2363 Candidus
386 2311 416 2362 et
437 2303 512 2364 talos
534 2322 549 2362 a
572 2306 681 2364 vertice
704 2304 827 2384 pulcher
849 2305 883 2363 ad
907 2305 981 2364 imos

215 2386 280 2446 Fiet
301 2387 416 2464 eritque
438 2396 507 2448 tuus
530 2406 720 2448 nummorum
744 2388 862 2447 milibus
885 2398 960 2459 octo,
1189 2399 1203 2447 5

214 2471 310 2531 Verna
334 2471 504 2531 ministeriis
527 2472 561 2530 ad
585 2481 676 2532 nutus
697 2481 783 2551 aptus
806 2472 895 2543 erilis,

214 2556 365 2617 Litterulis
388 2555 506 2616 Graecis
529 2556 668 2624 imbutus,
691 2557 816 2616 idoneus
838 2556 891 2614 arti

214 2640 350 2711 Cuilibet,
372 2641 472 2719 argilla
495 2642 608 2719 quidvis
631 2641 791 2701 imitaberis
813 2641 892 2714 uda;·

213 2727 292 2796 Quin
316 2727 402 2787 etiam
426 2736 512 2786 canet
534 2727 695 2799 indoctum,
718 2726 769 2786 sed
791 2725 876 2786 dulce
899 2726 1022 2786 bibenti.

213 2811 302 2871 Multa
327 2812 414 2871 fidem
437 2813 580 2890 promissa
604 2812 709 2882 levant,
732 2811 783 2870 ubi
807 2811 923 2890 plenius
945 2829 1040 2889 aequo
1176 2822 1203 2874 to
1309 2844 1310 2847 ¹

213 2897 326 2957 Laudat
348 2897 457 2957 venalis
481 2897 530 2975 qui
553 2897 614 2957 volt
635 2897 791 2957 extrudere
813 2897 929 2957 mercis.

213 2982 271 3042 lles
295 2990 380 3062 urget
401 3000 448 3040 me
471 2982 566 3042 nulla:
590 3001 657 3043 meo
678 3000 743 3043 sum
766 2982 930 3060 pauperia
954 2999 1032 3041 aare.

213 3067 305 3127 demo
330 3067 386 3126 hoc
408 3085 590 3146 mangonum
614 3069 724 3127 iaceret
746 3065 816 3140 tibi;
840 3085 900 3126 non
925 3075 1035 3126 temere
1059 3085 1074 3126 a
1098 3085 1144 3128 me

215 3150 316 3221 Quivis
338 3153 429 3211 ferret
452 3153 538 3214 idem.
584 3153 680 3214 Semel
702 3152 750 3213 hic
774 3151 896 3212 cessavit
917 3159 954 3223 et,
978 3161 1011 3211 ut
1033 3152 1073 3221 fit,

131 3266 135 3275 ,
213 3235 246 3295 ln
271 3236 356 3297 scalis
377 3237 462 3297 latuit
483 3248 618 3299 metuens
641 3237 799 3316 pendentis
821 3236 969 3311 habenae3
1175 3247 1203 3297 15

214 3321 271 3380 Des
294 3339 440 3395 nummos,
464 3334 583 3403 excepta
608 3323 681 3383 nihil
703 3333 732 3382 te
756 3322 780 3382 si
802 3322 870 3399 fuga
893 3313 1000 3395 laedit,

212 3405 263 3465 llle
286 3407 361 3465 ierat
382 3408 509 3485 pretium
533 3428 647 3488 poenae
669 3426 793 3469 securus
815 3408 932 3486 opinor.

128 3561 334 3569 —-—-—

211 3657 221 3707 l
239 3675 263 3709 o.
282 3660 331 3710 260
350 3657 437 3720 ,stulte
452 3673 526 3724 quem
540 3658 632 3725 diligit,
645 3665 672 3710 ct
683 3660 769 3723 stulte,
788 3675 864 3726 quem
878 3658 969 3724 diligit,
983 3659 1018 3710 al.
1036 3657 1039 3724 Ι
1057 3659 1105 3711 262
1120 3657 1202 3709 discet

127 3726 164 3777 13⁰
179 3727 183 3790 Ι
199 3728 478 3856 8Π3ξῗΐξίῃ1ώοτίε]
491 3817 524 3836 =
536 3795 584 3845 B0:
608 3795 749 3845 imitabitur
766 3797 802 3859 (v)
820 3795 976 3845 imitabimur
993 3796 1028 3858 (a)
1045 3795 1048 3860 Ι
1066 3798 1095 3847 11
1116 3793 1202 3844 exclu-

128 3862 188 3913 dere
207 3862 318 3925 (²13⁰)
350 3864 354 3924 l
389 3865 419 3914 15
437 3878 474 3928 oq.
493 3855 623 3913 habenae?
643 3862 818 3914 des..laedit
837 3866 867 3923 (s.
885 3862 987 3928 laedat),
1005 3866 1059 3927 (cz)
1078 3862 1121 3912 ille
1140 3861 1199 3930 all

132 3932 163 3982 16
181 3929 270 3993 laedit]
289 3931 325 3980 Ba
343 3930 389 3993 iol:
410 3929 494 3981 laedat
509 3928 514 3996 Ι
531 3932 560 3982 17
580 3944 699 3982 securus:
720 3931 817 3996 opinor,
836 3932 872 3982 ol.
