2656 4448
532 199 704 253 canuthutt
722 202 772 255 18.
792 206 816 256 9.

264 372 401 443 Perdere,
418 391 472 434 cur
486 372 617 452 apricum

312 457 413 519 Oderit
429 476 574 536 campum,
589 457 704 536 patiens
719 458 849 537 pulveris
864 467 951 538 atquc
966 459 1045 535 solis,

205 553 219 602 5
264 541 323 603 Cur
338 561 436 620 neque
451 542 583 602 militaris

308 626 389 688 Inter
404 627 532 705 aequalis
548 627 667 706 equitet,
685 627 792 688 Gallica
808 647 864 689 nec
879 628 987 708 lupatis

272 711 432 791 Temperet
447 730 498 772 ora
513 713 614 774 frenis.

309 795 368 857 Cur
382 797 465 856 timet
481 796 584 857 davum
601 797 731 858 Tiberim
746 795 892 876 tangere?
907 816 962 859 cur
978 798 1086 859 olivum

191 911 192 914 ¹
265 881 416 959 Sanguine
432 881 565 960 viperino

195 975 223 1025 10
311 965 429 1026 Cautius
445 966 515 1026 vitat
530 985 626 1044 neque
643 967 699 1027 iam
716 967 799 1027 livida
815 975 909 1045 gestat
924 966 1012 1028 armis

264 1050 414 1125 Bracchia,
431 1069 518 1130 saepe
535 1051 632 1125 disco,

310 1135 404 1214 Saepe
419 1144 501 1196 trans
516 1137 606 1196 finem
622 1136 717 1196 iaculo
733 1135 841 1196 nobilis
856 1134 1015 1215 expedito?

266 1219 343 1290 Quid
361 1220 439 1296 latet,
456 1229 488 1281 ut
504 1221 633 1281 marinae

309 1303 414 1365 Filium
431 1305 533 1366 dicunt
548 1305 680 1366 Thetidis
694 1305 749 1366 sub
764 1304 917 1366 lacrimosa
933 1305 1038 1366 Troiae

191 1396 218 1446 15
262 1388 387 1463 Funera,
405 1409 443 1450 ne
457 1391 548 1451 virilis

310 1473 411 1536 Cultus
427 1475 456 1535 in
474 1475 592 1536 caedem
609 1484 637 1535 et
653 1474 758 1554 Lycias
773 1474 940 1556 proriperet
955 1472 1109 1536 catervas?

655 1660 693 1720 lX

266 1760 351 1822 Vides
367 1772 397 1821 ut
415 1760 471 1820 alta
486 1768 542 1821 stet
557 1761 623 1820 nive
640 1761 795 1820 candidum

264 1845 385 1907 Soracte
401 1863 457 1905 nec
472 1845 528 1904 iam
545 1844 709 1905 sustineant
725 1863 801 1905 onus

311 1930 404 1991 Silvae
421 1928 589 1989 laborantes
604 1929 731 2008 geluque

351 2013 486 2074 Flumina
503 2013 691 2074 constiterint
705 2021 800 2074 acuto.

208 2143 221 2191 o
265 2102 396 2193 dissolve
411 2131 505 2209 frigus
519 2130 598 2209 ligna
615 2149 705 2211 super
720 2132 786 2191 loco

263 2217 358 2296 Lange
373 2234 522 2295 reponens
538 2225 625 2294 atquc
641 2215 800 2294 benignius

311 2302 457 2380 Depromc
473 2300 658 2378 quadrimum
676 2300 793 2373 Sabina,

351 2386 375 2446 0
392 2385 574 2461 Thaliarche,
592 2405 705 2447 merum
721 2386 808 2446 diota.

268 2504 407 2564 Permitte
423 2504 494 2565 divis
510 2513 622 2577 cetera;
638 2504 689 2582 qui
704 2504 800 2572 simul

194 2598 221 2648 10
265 2589 399 2649 Stravcre
415 2598 518 2649 ventos
533 2607 662 2667 aequore
678 2587 788 2648 lervido

309 2672 533 2753 Deproeliantis,
550 2693 606 2734 nec
622 2674 756 2752 cupressi

352 2759 414 2820 Nec
428 2767 542 2820 veteres
558 2759 706 2838 agitantur
722 2758 797 2818 orni.
814 2791 856 2802 —

268 2877 344 2948 Quid
360 2878 397 2938 sit
412 2879 544 2938 futurum
561 2896 634 2950 cras,
650 2880 718 2958 fuge
734 2895 876 2955 quaerere
892 2886 920 2937 et

263 2962 357 3033 Quem
374 2964 435 3024 fors
451 2963 564 3024 dicrum
580 2981 707 3041 cumque
722 2963 803 3023 dabit
817 2963 899 3022 lucro

195 3056 222 3106 15
311 3047 434 3125 Adpone
450 3066 506 3107 nec
523 3048 616 3109 dulcis
632 3065 747 3108 amores

354 3131 468 3209 Sperne
483 3151 559 3210 pucr
575 3150 673 3210 neque
687 3141 719 3192 tu
737 3131 869 3203 choreas,

266 3248 366 3308 Donec
381 3248 487 3309 virenti
503 3249 626 3308 canities
642 3248 724 3308 abest

264 3332 391 3394 Morosa.
422 3333 508 3394 Nunc
524 3341 553 3393 et
569 3351 689 3413 campus
706 3340 735 3393 ct
749 3349 834 3392 areae

311 3418 467 3496 honosque
482 3418 537 3479 sub
554 3427 672 3478 noctem
688 3415 801 3479 susurri

192 3512 221 3561 20
354 3503 520 3582 Composita
536 3511 711 3582 repetantur
725 3502 807 3573 hora,
911 3525 913 3529 ¹

222 3634 274 3686 Vlll
297 3654 320 3688 v.
344 3640 359 3688 4
378 3637 442 3701 imle.
462 3637 598 3702 inlpatieus
615 3635 701 3686 Bentl.
720 3650 758 3701 ep.
777 3635 814 3686 cd
829 3633 861 3685 dc
881 3631 996 3685 Vettium
1016 3636 1078 3681 ente
1098 3647 1122 3681 α.
1145 3631 1211 3681 1711

138 3708 289 3770 conscripta
307 3722 331 3756 o.
347 3721 413 3756 mus.
427 3706 495 3769 plu'l.
514 3707 537 3768 8,
558 3707 652 3768 llsq.,·
671 3705 728 3755 H-JJ
743 3719 859 3770 quosque
877 3699 958 3768 affert
977 3697 1013 3759 cf,
1032 3695 1047 3750 λ
1065 3714 1128 3751 ann.
1143 3699 1210 3764 phil.

139 3776 179 3829 87.
199 3776 294 3838 otesq.
316 3773 320 3839 Ι
342 3775 357 3825 6
374 3773 472 3839 equitat
491 3775 525 3838 (o)
541 3772 546 3840 Ι
562 3776 576 3823 ’1
596 3778 722 3838 temperat
740 3773 795 3838 (νη
823 3772 853 3823 13
873 3768 955 3828 Quid?
984 3768 1017 3822 F.
1029 3768 1213 3818 Cursebmann

137 3843 287 3892 Horatiana
304 3858 331 3907 p.
349 3842 428 3906 disq.

222 3908 254 3960 lll
272 3927 295 3962 u.
316 3911 347 3961 16
366 3923 445 3974 ,puer‚
464 3908 522 3959 edd.
541 3908 684 3974 pleraeque
