2656 4448
485 235 659 289 CARMlNUlll
677 236 710 288 lV
730 240 768 291 12.
790 241 829 290 13.

246 409 307 468 lam
332 428 386 469 nec
409 418 492 488 prata
514 410 612 488 rigent
635 427 691 469 nec
712 409 792 470 liuvii
814 421 952 489 strepunt

322 493 454 554 Hiberna
477 494 542 554 nive
564 495 683 572 turgidi.

217 635 221 639 ’
246 612 352 672 Nidum
374 612 467 690 ponit
491 612 555 690 ltyn
579 611 716 672 flebiliter
738 631 869 689 gemens,

247 695 350 756 Infelix
375 696 434 757 avis
457 705 486 755 et
508 695 666 776 Cecropiae
689 698 795 758 domus

246 783 408 842 Aeternum
432 781 633 859 opprobrium,
658 783 736 858 quod
761 783 835 842 male
858 781 996 844 barbaras

323 865 436 942 Regum
459 877 503 926 est
525 866 585 926 ulta
608 865 753 926 libidines.

247 984 357 1044 Dicunt
378 984 408 1044 in
432 993 535 1044 tenero
559 985 691 1060 gramine
715 984 870 1062 pinguium

248 1068 390 1129 Custodes
413 1069 509 1129 ovium
533 1069 662 1129 carmina
685 1069 781 1128 fistula

250 1152 461 1230 delectantque
484 1153 581 1226 deum,
604 1153 652 1214 cui
675 1171 766 1230 pecus
788 1161 817 1213 et
839 1154 940 1235 nigrae

325 1236 419 1298 Colles
441 1238 581 1299 Arcadiae
604 1237 731 1316 placent.

249 1354 404 1416 Adduxere
426 1356 503 1416 silim
527 1365 669 1434 tempora,
692 1355 815 1433 Vergili;

250 1439 306 1500 Sed
330 1458 464 1518 pressum
488 1439 605 1501 Calibus
627 1440 735 1500 ducere
758 1440 897 1501 Liberum

249 1523 279 1584 Si
303 1525 401 1603 gestis,
425 1525 563 1585 iuvenum
587 1525 729 1586 nobilium
753 1525 855 1599 cliens

325 1609 422 1669 Nardo
446 1610 511 1670 vina
533 1610 695 1671 merebere.

249 1727 338 1787 Nardi
361 1745 467 1806 parvus
490 1747 569 1808 onyx
591 1728 687 1789 eliciet
709 1729 823 1802 cadum,

251 1812 308 1883 Qui
331 1831 412 1872 nunc
435 1813 571 1891 Sulpiciis
594 1814 718 1875 adcubat
740 1815 864 1884 horreis,

251 1898 325 1976 Spes
348 1897 460 1958 donare
483 1917 573 1959 novas
595 1899 692 1976 largos
714 1915 872 1976 amaraque

327 1981 470 2043 durarum
493 1983 592 2043 eluere
615 1985 727 2044 efficax.

250 2100 291 2158 Ad
316 2101 437 2179 quaesi
461 2119 602 2182 properas
625 2101 738 2181 gaudia,
761 2121 829 2164 cum
852 2112 901 2164 tua

250 2184 340 2245 Velox
363 2203 461 2245 merce
484 2186 565 2245 veni:
591 2205 650 2247 non
674 2206 729 2266 ego
752 2196 780 2247 te
805 2189 878 2249 meis

250 2269 407 2330 lnmunem
429 2271 555 2330 meditor
578 2271 692 2348 tingere
715 2272 839 2350 poculis,

328 2354 417 2415 Plena
440 2354 518 2415 dives
540 2364 573 2414 ut
595 2356 625 2415 in
649 2358 746 2417 domo.

253 2472 360 2532 Verum
383 2491 463 2550 pone
483 2490 582 2532 moras
605 2482 634 2533 et
655 2475 783 2534 studium
808 2476 883 2535 locri

251 2557 468 2636 Nigrorumque
491 2576 614 2630 memor,
638 2559 707 2619 dum
729 2559 806 2633 licet,
829 2560 942 2638 ignium

251 2641 341 2703 Misce
364 2641 514 2703 stultitiam
538 2643 668 2703 consiliis
691 2644 824 2704 brevem:

328 2727 419 2787 Dulce
442 2736 486 2789 est
508 2727 641 2806 desipere
664 2729 694 2788 in
718 2729 793 2790 loco.

581 2949 732 2959 —u-——-

630 3114 696 3175 Xlll

254 3231 407 3304 Audivere,
430 3232 517 3311 Lyce,
540 3233 570 3294 di
592 3252 657 3294 mea
678 3242 753 3307 vota,
775 3234 803 3294 di

254 3317 407 3387 Audivere,
430 3316 522 3396 Lycei
545 3320 581 3380 lis
603 3338 687 3392 anus,
711 3328 740 3379 et
763 3329 862 3379 tamen

302 3401 349 3460 Vis
371 3402 499 3462 formosa
521 3403 611 3464 videri

354 3485 501 3563 L'udisque
524 3498 553 3548 ct
574 3487 651 3549 bibis
672 3488 829 3568 impudens

213 3770 254 3822 Xll
268 3787 290 3821 υ.
306 3774 334 3823 11
351 3772 445 3837 nigrae]
464 3771 508 3834 (v),
526 3770 608 3820 unius
624 3784 659 3821 sc.
679 3769 736 3821 cod.
749 3769 897 3820 Botteliaoi
915 3787 938 3822 v.
958 3769 976 3822 l.
991 3771 1069 3835 prob.
1088 3773 1118 3819 in
1136 3768 1197 3820 ado.

125 3837 260 3898 Bentlee'03
289 3854 342 3890 rec.
362 3839 394 3889 M
406 3839 469 3889 indo
488 3840 519 3888 ab
539 3856 564 3888 a.
585 3837 664 3888 1874:
691 3836 755 3901 nigri
780 3837 784 3905 Ι
813 3840 842 3890 16
855 3838 991 3890 mereberis
1007 3840 1044 3902 (o)
1067 3841 1071 3905 Ι
1097 3836 1198 3888 28ioco

127 3907 203 3959 codd.
222 3908 318 3973 Porpb.
339 3908 375 3957 ad
391 3923 430 3972 ep.
449 3906 459 3958 l
479 3908 519 3970 18,
538 3909 570 3958 60
