2656 4448
529 225 701 279 cnthNUM
718 229 748 280 lll
767 232 805 281 11.

652 448 691 507 Xl

259 578 397 656 Mercuri,
421 599 487 640 nam
511 591 539 642 te
562 583 664 643 docilis
688 583 826 662 magistro

260 662 349 723 Movit
370 666 516 744 Amphion
540 667 651 745 lapides
673 669 816 742 canendo,

261 747 365 826 Tuque
388 751 503 810 testudo
526 769 666 826 resonare
687 762 799 831 septem

348 833 454 895 Callida
477 836 583 909 nervis,

258 951 319 1011 Nec
342 952 449 1030 loquax
472 953 541 1013 olim
566 973 662 1032 neque
685 965 776 1031 grata,
802 972 883 1014 nunc
906 965 935 1015 et
1054 1032 1056 1036 μ
1149 973 1163 1020 t

261 1035 387 1096 Divitum
412 1039 520 1099 mensis
544 1048 572 1098 et
595 1040 685 1098 amica
709 1040 836 1117 templis,

259 1120 313 1180 Dic
335 1122 448 1194 modos,
473 1123 551 1201 Lyde
574 1124 682 1201 quibus
704 1125 865 1185 obstinatas

347 1206 481 1284 Adplicet
501 1209 589 1280 auris,

263 1322 344 1392 Quae
366 1325 446 1385 velut
468 1325 533 1385 latis
556 1344 630 1403 equa
652 1327 737 1387 trima
761 1328 872 1406 campis

258 1408 346 1468 Ludit
366 1409 487 1469 exultim
510 1411 672 1489 metuitque
696 1415 785 1490 tangi,

262 1492 436 1572 Nuptiarum
459 1512 565 1571 expers
588 1505 617 1555 et
639 1495 733 1556 adhuc
756 1505 894 1574 protervo

348 1577 441 1638 Cruda
466 1579 581 1639 marito.

262 1695 307 1754 Tu
329 1706 413 1774 potes
435 1697 520 1775 tigris
544 1697 725 1775 comitesque
748 1697 833 1758 silvas

261 1780 376 1841 Ducere
395 1792 428 1842 et
450 1783 528 1843 rivos
551 1783 662 1854 celeres
684 1783 803 1855 morari,

259 1864 761 1928 Qmmmmmm

345 1950 457 2011 Ianitor
479 1952 561 2012 aulae

259 2066 413 2140 Cerberus,
438 2070 568 2146 quamvis
590 2069 693 2129 luriale
716 2078 836 2129 centum

257 2152 393 2213 Muniant
415 2171 526 2231 angues
549 2163 638 2232 caput
660 2154 721 2214 eius
743 2163 832 2231 atque

261 2237 387 2316 Spiritus
410 2247 502 2298 taeter
523 2241 681 2315 saniesque
704 2248 803 2298 manet

348 2321 407 2382 Ore
429 2324 575 2401 trilingui3

259 2439 337 2509 Quin
362 2449 391 2500 et
412 2440 494 2501 Ixion
519 2441 678 2519 Tityosque
700 2441 779 2499 voltu

260 2524 335 2584 Risit
356 2525 458 2598 invito,
481 2526 562 2586 stetit
584 2544 659 2585 urna
682 2524 800 2603 paulum

259 2608 351 2677 Sicca,
375 2610 443 2668 dum
467 2619 549 2687 grato
572 2610 663 2670 Danai
687 2611 799 2687 puellas

347 2692 481 2754 Carmine
503 2695 624 2755 mulces.
646 2731 687 2740 -

257 2812 363 2871 Audiat
387 2812 465 2890 Lyde
487 2813 582 2873 scelus
604 2821 691 2889 atque
716 2820 799 2872 notas

259 2895 410 2974 Virginem
435 2915 545 2974 poenas
568 2905 597 2955 et
618 2897 707 2955 inane
730 2896 864 2974 lymphae

258 2981 373 3042 Dulium
397 2982 489 3041 lundo
512 2983 665 3058 pereuntis
687 2981 745 3039 imo

349 3067 478 3144 Seraque
500 3066 566 3136 lata,

258 3184 340 3253 Quae
362 3193 484 3244 manent
506 3185 606 3262 culpas
629 3184 716 3244 etiarn
739 3181 794 3244 sub
819 3183 912 3242 Orco:

257 3267 365 3347 Impiae
388 3288 485 3328 -nam
509 3270 579 3348 quid
602 3281 726 3348 potuere
750 3264 863 3328 maius?
879 3301 892 3310 -

257 3353 367 3432 lmpiae
388 3373 514 3432 sponsos
536 3363 660 3433 potuere
683 3354 757 3414 duro

347 3438 473 3498 Perdere
497 3440 586 3499 ferro.

128 3574 332 3583 ———

213 3685 245 3736 lll
257 3701 279 3737 o.
292 3687 411 3749 [tt-20]
423 3686 558 3749 HtMAKt
577 3689 606 3738 18
620 3686 769 3752 ornantque,
788 3687 868 3752 quod,
885 3689 909 3735 si
926 3689 1074 3736 mutatione
1092 3686 1201 3734 omnino

127 3769 195 3820 opus
220 3759 272 3817 est,
299 3756 417 3804 maxima
438 3756 506 3804 milti
526 3755 660 3819 placeret,
692 3756 754 3804 olim
783 3772 799 3805 a
826 3771 867 3803 me
884 3759 1034 3814 inventurn,
1060 3753 1202 3816 occupavit

129 3821 264 3873 Gomorrae
282 3825 314 3883 (v.
334 3823 424 3885 dani),
448 3827 504 3872 turn
528 3823 663 3872 Housman
682 3822 778 3887 journ.
802 3820 837 3882 of
852 3824 918 3888 plril.
944 3820 966 3870 x
991 3824 1023 3873 20
1047 3837 1074 3885 p.
1095 3821 1200 3885 tsosq„

127 3890 184 3941 alia
203 3890 253 3940 ulii
270 3907 287 3940 a
305 3889 510 3954 Dillenburgero
530 3894 556 3940 at
572 3889 772 3949 Hirschfeldero
791 3891 875 3941 allato
891 3892 895 3956 Ι
911 3891 1030 3952 [tt-52]
1049 3890 1079 3938 d*
