2656 4448
505 214 694 267 SATlRARUM
713 215 723 266 1
742 219 764 268 1.
784 219 808 268 3.
1131 215 1191 274 129

207 384 306 456 Gallis,
329 383 405 446 lianc
427 386 614 448 Philodemus
637 388 677 448 ait
697 386 762 460 sibi,
786 404 861 464 quae
885 407 981 465 neque
1004 406 1111 467 magno

208 468 273 530 Stet
295 471 390 549 pretio
414 489 512 549 neque
535 481 701 543 cunctetur,
725 489 792 532 cum
815 480 860 533 est
882 473 959 533 iussa
981 474 1091 533 venire.

208 553 334 615 Candida
357 564 497 633 rectaque
519 558 567 630 sit,
589 557 698 617 munda
720 557 874 628 hactenus,
897 566 930 618 ut
953 576 1049 636 neque
1072 560 1159 639 longa

205 639 266 700 Neo
287 639 380 717 magis
402 640 467 701 alba
488 642 557 703 velit
574 660 665 719 ‚quam
689 641 737 701 dat
760 650 864 702 natura
885 642 986 702 videri.

206 723 294 797 Haec,
318 724 368 784 ubi
391 727 547 805 supposuit
569 727 672 788 dextro
695 744 804 805 corpus
826 726 897 786 mihi
920 727 1043 801 laevum,
1151 738 1192 788 tat

206 810 260 870 llia
282 820 311 870 et
335 809 438 890 Egeria
461 822 515 881 est,
538 812 576 872 do
600 830 708 872 nomen
732 811 883 888 quodlibet
906 812 946 871 illi

205 895 265 956 Nec
288 913 400 968 vereor,
424 915 470 971 ne,
493 898 563 957 dum
585 898 678 969 fuluo,
701 895 744 955 vir
766 915 837 956 rure
860 906 1002 970 recurrat,

207 979 298 1041 lanua
320 980 483 1061 frangatur,
507 982 591 1042 latret
615 983 705 1054 canis,
727 981 859 1059 undique
881 1000 989 1060 magno

207 1064 294 1126 Pulsa
317 1066 422 1127 domus
444 1068 568 1146 strepitu
591 1076 721 1139 resonet,
743 1066 884 1145 vepallida
908 1067 983 1126 lecto

208 1149 327 1211 Desiliat
349 1151 464 1222 mulier,
487 1151 621 1213 miseram
645 1171 677 1212 33
699 1152 817 1212 3333313
841 1152 955 1224 clamet,
1152 1161 1193 1210 ltu

208 1232 353 1296 Cruribus
375 1237 447 1297 haec
470 1246 590 1310 metuat,
613 1237 674 1296 doti
697 1237 854 1315 deprensa,
877 1246 995 1312 egomet
1017 1235 1066 1296 mi.

208 1318 355 1381 Discincta
379 1323 477 1381 tunica
500 1322 673 1399 fugiendum
697 1331 741 1382 est
763 1341 795 1382 ac
819 1322 893 1400 pede
917 1321 1007 1392 nudo,

207 1402 250 1466 Ne
274 1406 386 1466 nummi
410 1417 532 1485 pereant
555 1416 605 1467 aut
626 1425 704 1485 puga
727 1418 778 1465 aut
799 1407 928 1483 denique
952 1408 1037 1466 lama.

208 1487 357 1570 Deprendi
380 1492 520 1551 miserum
544 1499 602 1551 est:
626 1491 717 1551 Fabio
742 1492 785 1550 vel
808 1491 904 1551 iudice
928 1492 1051 1551 vincam.

639 1779 677 1838 111

210 1895 354 1960 Omnibus
376 1899 433 1959 hoc
455 1899 557 1960 vitium
580 1907 624 1959 est
645 1896 827 1969 cantoribus,
850 1897 929 1956 inter
951 1895 1060 1957 amicos

209 1979 246 2041 Ut
267 2002 430 2062 numquam
453 1983 747 2044 inducantanimum
770 1991 888 2042 cantare
910 1980 1013 2060 rogati,

208 2067 317 2129 luiussi
340 2088 502 2148 numquam
525 2070 677 2130 desistant.
723 2068 833 2128 Sardus
855 2066 982 2126 habebat

209 2151 261 2212 llle
285 2153 424 2231 Tigellius
446 2151 518 2216 hoc:
543 2155 656 2227 Caesar,
680 2154 730 2232 qui
754 2171 860 2232 cogere
883 2163 991 2232 posset,

212 2237 242 2297 Si
264 2249 379 2316 peteret
401 2259 454 2320 per
476 2240 632 2301 amicitiam
654 2239 745 2318 patris
767 2247 854 2316 atque
877 2256 968 2309 suam,
993 2255 1052 2296 non
1183 2246 1197 2294 3

212 2321 375 2401 Quicquam
399 2327 574 2404 proliceret;
597 2326 620 2386 si
644 2324 845 2394 conlibuisset,
869 2322 905 2382 ab
929 2341 983 2382 ovo

213 2405 312 2485 Usque
335 2410 368 2469 ad
393 2410 466 2469 mala
490 2410 592 2469 citaret
611 2401 654 2468 ‘io
677 2398 797 2467 bacche‘
824 2408 911 2466 modo
934 2423 1047 2466 summa

215 2490 301 2565 Voce,
324 2496 411 2554 modo
435 2496 498 2566 hac,
521 2503 642 2554 resonat
664 2511 738 2571 quae
762 2492 879 2551 chordis
903 2500 1042 2568 quattuor
1064 2487 1131 2547 ima.

210 2576 257 2636 Nil
282 2578 403 2655 aequale
425 2579 539 2639 homini
562 2579 617 2638 luit
638 2578 696 2637 illi:
719 2595 806 2654 saepe
829 2577 908 2635 velut
930 2575 980 2652 qui

211 2658 355 2722 Currebat
377 2663 495 2741 lugiens
517 2665 640 2734 hostem,
664 2679 806 2741 persaepe
828 2661 908 2720 velut
930 2659 980 2737 qui
1171 2665 1198 2716 10

212 2744 336 2808 lunonis
358 2766 439 2808 sacra
460 2750 568 2822 ferret3
591 2747 716 2807 habebat
737 2765 824 2824 saepe
846 2746 1000 2814 ducentos,

213 2832 305 2911 Saepe
328 2833 429 2893 decem
452 2852 568 2907 servos;
591 2833 679 2893 modo
702 2850 788 2911 reges
810 2839 897 2908 atque
920 2828 1090 2900 tetrarchas,

212 2917 317 2978 Omnia
334 2937 440 2997 magna
456 2919 591 2996 loquens,
607 2917 694 2977 modo
708 2911 759 2977 ‘sit
774 2916 845 2975 mihi
862 2934 962 2975 mensa
977 2912 1068 2991 tripes
1084 2921 1113 2972 et

213 3001 329 3064 Concha
353 3004 421 3065 salis
443 3004 511 3083 puri
534 3013 564 3064 et
585 3012 661 3082 toga,
685 3021 759 3080 quae
782 3001 940 3061 defendere
963 2998 1064 3077 frigus,

213 3087 350 3156 Quamvis
372 3108 478 3162 crassa,
503 3082 609 3167 queat?
649 3087 774 3148 Deciens
797 3095 923 3146 centena
946 3083 1076 3144 dedisses
1172 3093 1199 3141 lt

212 3171 287 3233 Huic
311 3192 409 3252 parco,
433 3174 534 3253 paucis
557 3182 714 3246 contento;
738 3171 871 3250 quinque
894 3169 996 3231 diebus

127 3307 328 3317 ——-—

213 3424 232 3474 ll
252 3441 273 3475 3.
294 3428 341 3477 121
361 3426 404 3476 det
424 3427 492 3488 1111
513 3441 560 3477 333
578 3434 663 3477 metuo
689 3423 693 3493 Ι
721 3426 768 3476 129
793 3422 883 3473 domus
903 3422 1008 3488 strepitu
1028 3419 1198 3483 3333331313,

126 3491 221 3558 pallida
243 3492 289 3544 Ta.
306 3493 395 3557 Bergk
413 3510 501 3558 opusc.
518 3496 585 3559 phil.
598 3494 617 3545 ll
635 3496 683 3545 ’155
703 3495 794 3542 nimiis
813 3491 937 3541 laudibus
949 3493 1117 3554 ingeniosam
1129 3489 1198 3537 bane

126 3576 190 3611 sone
207 3576 296 3624 33333,
324 3563 370 3613 aad
397 3567 467 3612 certa
484 3578 539 3611 non
557 3564 735 3612 necessariam
753 3563 933 3609 coniecturam
962 3557 1091 3608 catellam
1117 3554 1122 3621 Ι
1148 3570 1197 3604 333

127 3630 157 3691 (s.
178 3643 234 3679 uae.
259 3634 285 3679 et
306 3645 337 3681 ue
358 3647 377 3680 3.
403 3633 453 3693 33.)
478 3629 583 3694 pallida]
607 3629 670 3678 libri
687 3626 745 3687 fore
763 3643 866 3677 omncs:
886 3642 917 3677 ne
935 3625 1029 3690 pallida
1048 3623 1093 3692 (a),
1112 3623 1198 3673 Beati.

128 3696 157 3748 0.
175 3695 291 3748 Ribbeck
308 3713 332 3750 z.
351 3697 436 3748 habre
453 3713 477 3746 o.
496 3697 520 3746 d.
540 3697 586 3748 lat.
607 3695 743 3746 Partikeln
758 3711 787 3759 p.
810 3698 836 3746 11

212 3764 241 3816 111
258 3782 281 3816 υ.
301 3769 314 3816 1
335 3765 442 3829 Baccho]
470 3763 569 3816 Bacche
593 3780 621 3820 υς
647 3764 834 3828 productionis
857 3768 948 3812 notam
971 3759 1067 3811 addidi
1089 3758 1199 3807 ultimas

126 3833 246 3899 syllabae
262 3850 310 3898 per
331 3851 358 3883 33
382 3837 463 3894 bravi,
492 3831 527 3894 of.
547 3848 638 3883 comm.
662 3828 809 3897 Woelfflin.
834 3847 862 3895 p.
887 3834 993 3894 llbsq.:
1022 3826 1138 3877 bacchae
1158 3824 1199 3891 31

127 3902 264 3953 83333331

178 3993 290 4035 Horatius.
508 3986 520 3993 '
979 3981 994 4030 9
