2656 4448
539 215 729 267 SAl'lRARUM
749 217 757 267 l
778 221 799 270 1.

216 388 368 460 Doctores,
391 387 535 448 elementa
556 387 648 447 velint
669 395 701 447 ut
724 388 838 449 discere
860 390 956 468 prima
978 425 1030 465 -,

215 473 272 534 Sed
296 483 393 533 tamen
418 482 515 533 amoto
538 490 714 551 quaeramus
737 475 811 534 seria
835 475 904 536 ludo
927 510 941 520 ·

217 558 268 618 llle
290 576 406 636 gravem
430 558 505 618 duro
527 566 635 617 terram
659 557 709 634 qui
732 560 816 619 vertit
839 568 946 634 aratro,

216 644 350 704 Perfidus
371 644 419 703 hic
442 661 546 722 caupo,
570 642 654 702 miles
678 651 852 721 nautaeque,
875 665 929 724 per
951 664 1039 706 omne

215 728 347 789 Audaces
370 746 450 788 mare
473 729 524 807 qui
547 736 681 798 currunt,
704 728 759 788 hac
781 737 880 789 mente
903 731 1033 792 laborem
1177 743 1206 792 30

216 812 287 874 Sese
309 815 395 887 ferre,
418 832 505 875 senes
527 822 561 874 ut
582 813 612 873 in
637 813 694 873 otia
719 821 781 872 tuta
803 817 952 889 recedant,

216 898 315 970 Aiunt,
338 917 405 958 cum
429 899 484 960 sibi
507 899 566 960 sint
588 906 727 975 congesta
750 896 868 971 cibaria,
891 901 966 961 sicut

216 983 336 1043 Parvola
358 1017 371 1027 -
396 1002 462 1044 nam
486 983 621 1062 exemplo
644 991 723 1042 est·
747 987 845 1062 magni
868 985 991 1046 formica
1014 985 1124 1048 laboris

216 1068 275 1130 Ore
298 1068 387 1128 trahit
409 1069 617 1147 quodcumque
640 1075 736 1146 potest
758 1075 846 1146 atque
868 1071 947 1130 addit
969 1089 1082 1147 acervo,

216 1153 310 1222 Quem
334 1153 431 1224 struit,
454 1153 530 1212 haud
555 1153 653 1230 ignara
678 1170 712 1211 ac
735 1171 794 1213 non
819 1153 936 1215 incauta
959 1157 1060 1218 futuri.
1177 1167 1206 1217 85

215 1236 307 1309 Quae,
329 1237 417 1298 simul
438 1237 588 1298 inversum
611 1236 764 1297 contristat
786 1240 933 1316 Aquarius
955 1238 1076 1317 annum,

215 1322 281 1383 Non
305 1340 428 1400 usquam
451 1322 585 1401 prorepit
606 1332 635 1381 et
656 1322 712 1381 illis
735 1322 828 1382 utitur
850 1332 918 1384 ante

215 1407 359 1478 Quaesitis
381 1407 508 1486 sapiens,
532 1424 598 1465 cum
621 1415 650 1465 te
673 1424 771 1483 neque
794 1408 923 1470 fervidus
945 1420 1043 1472 aestus

215 1492 373 1553 liemoveat
393 1493 477 1553 lucro
501 1510 598 1568 neque
621 1491 724 1564 hiems,
747 1491 833 1569 ignis,
856 1512 946 1566 mare,
970 1496 1091 1571 ferrum,

215 1577 261 1638 Nil
284 1578 380 1639 obstet
402 1577 464 1649 tihi,
487 1576 556 1636 dum
581 1594 618 1635 ne
641 1575 679 1636 sit
701 1584 729 1635 te
752 1576 839 1637 ditior
861 1579 943 1638 alter.
1176 1592 1205 1642 40

216 1661 292 1732 Quid
314 1663 402 1734 iuvat,
426 1661 594 1721 inmensum
618 1670 646 1720 te
669 1661 784 1738 argenti
807 1664 924 1740 pondus
948 1672 977 1724 et
997 1665 1061 1725 auri

216 1746 327 1808 Furtim
351 1747 466 1808 defossa
488 1747 621 1806 timidum
646 1745 796 1824 deponere
818 1746 920 1808 terra?

211 1827 320 1905 ‘Quod
343 1833 367 1893 si
391 1832 574 1902 conminuas,
598 1831 682 1891 vilem
705 1830 855 1909 redigatur
877 1834 912 1893 ad
935 1828 1048 1894 assem.²

213 1919 251 1976 At
273 1917 303 1977 ni
325 1917 353 1977 id
376 1918 419 1990 fit,
443 1917 512 1996 quid
536 1916 624 1977 habet
646 1916 762 1996 pulchri
785 1927 974 1980 constructus
996 1917 1139 1982 acervus?

215 2002 292 2063 Milia
315 2003 455 2063 frumenti
478 2012 527 2063 toa
550 2002 662 2062 triverit
684 2019 750 2061 area
774 2013 905 2077 centum,
1174 2015 1204 2064 45

213 2086 279 2149 Non
303 2095 371 2148 tuus
393 2089 450 2148 hoc
473 2087 568 2166 capiet
588 2096 690 2148 venter
712 2086 779 2166 plus
800 2105 834 2148 ac
855 2107 948 2160 meus,
971 2096 1013 2162 ut,
1036 2089 1060 2150 si
1135 2144 1138 2152 .

174 2233 177 2236 .
213 2172 380 2233 Reticulum
402 2172 488 2251 panis
510 2173 618 2233 venalis
641 2172 720 2232 inter
742 2182 850 2233 onusto

213 2255 301 2318 Forte
322 2258 410 2319 vehas
432 2277 545 2331 umero,
569 2258 660 2317 nihilo
683 2258 751 2335 plus
773 2258 898 2337 accipias
920 2276 1007 2336 quam

213 2341 270 2412 Qui
294 2342 335 2403 nil
357 2344 491 2422 portarit.
536 2342 588 2401 Vel
611 2343 666 2414 dic,
690 2342 761 2419 quid
784 2343 892 2403 reserat
914 2344 991 2403 intra

212 2427 340 2488 Naturae
362 2428 429 2488 finis
451 2427 567 2498 viventi,
591 2427 691 2504 iugera
715 2435 834 2486 centum
858 2446 894 2487 an
1174 2439 1204 2488 to

147 2555 148 2564 a
211 2512 291 2572 Mille
313 2510 397 2572 aret?
434 2507 471 2572 ‘A
506 2529 594 2571 suave
616 2522 660 2570 est
682 2528 717 2569 ex
739 2527 846 2587 magno
865 2511 969 2571 tollere
991 2506 1114 2571 acervo.³

212 2598 288 2657 llum
312 2615 345 2656 ex
369 2615 458 2675 parvo
482 2594 569 2656 nobis
591 2595 765 2654 tantundem
790 2595 906 2655 haurire
929 2595 1089 2673 relinquas,

213 2680 271 2743 Cur
294 2690 344 2741 tua
366 2681 433 2760 plus
455 2681 554 2740 laudes
576 2680 704 2740 cumeris
726 2680 861 2758 granaria
885 2677 1015 2740 nostris?

212 2767 252 2827 Ut
274 2766 327 2827 tibi
350 2767 374 2827 si
397 2767 435 2827 sit
458 2784 532 2844 opus
553 2764 657 2843 liquidi
681 2783 741 2824 non
765 2765 890 2842 amplius
911 2782 987 2824 urna

212 2851 265 2912 Vel
288 2852 392 2931 cyatho
416 2860 445 2911 et
467 2851 546 2911 dicas
565 2843 687 2929 ‘magno
711 2850 746 2909 de
769 2850 891 2910 flumine
914 2849 1022 2920 malim,
1175 2862 1203 2909 tt

213 2936 306 3007 Quam
331 2956 366 2998 ex
388 2938 444 2997 hoc
467 2935 610 2996 fonticulo
633 2935 808 2995 tantundem
831 2928 966 2995 sumere.J
1013 2933 1056 2993 Eo
1079 2936 1120 3007 fit,

213 3021 332 3082 Plenior
353 3030 387 3082 ut
409 3022 433 3082 si
456 3040 531 3100 quos
554 3021 679 3080 delectet
701 3021 786 3098 copia
808 3020 894 3094 iusto,

214 3105 284 3167 Cum
308 3107 371 3186 ripa
394 3107 480 3168 simul
504 3107 617 3166 avolsos
640 3106 715 3165 ierat
736 3103 858 3165 Auiidus
881 3121 958 3164 acer.

213 3193 320 3271 Atqui
344 3192 449 3252 tantuli
473 3199 547 3269 eget,
572 3199 683 3269 quanto
707 3198 752 3250 est
775 3208 858 3268 opus,
881 3191 905 3250 is
929 3207 1027 3267 neque
1049 3189 1119 3250 limo

213 3276 370 3338 Turbatam
387 3277 485 3337 haurit
499 3295 602 3354 aquarn
621 3293 718 3354 neque
733 3274 820 3335 vitam
837 3275 941 3335 amittit
958 3274 995 3340 in,
1006 3273 1102 3354 undis.
1173 3285 1203 3334 60

213 3361 350 3422 Athona
372 3381 439 3441 pars
460 3363 614 3422 hominum
638 3361 760 3439 decepta
785 3361 923 3439 cupidine
946 3360 1020 3419 falso

210 3440 269 3506 ‘Nil
291 3447 361 3507 satis
383 3442 444 3519 est,'
469 3447 566 3525 inquit
585 3440 666 3524 ‘quia
689 3446 761 3506 tanti
785 3455 927 3524 quantum
951 3443 1059 3504 habeas
1081 3438 1139 3504 sis?

212 3531 289 3600 Quid
312 3531 399 3591 iacias
421 3529 485 3591 illi?
507 3531 609 3592 iubeas
632 3533 772 3591 miserum
796 3549 869 3602 esse,
893 3530 1019 3590 libenter

212 3614 364 3685 Quatenus
387 3617 415 3676 id
441 3617 518 3690 lacit,
543 3625 575 3675 ut
597 3616 714 3694 quidam
738 3624 918 3676 memoratur
941 3613 1063 3674 Athenis

213 3831 222 3881 l
242 3849 265 3884 o.
284 3835 317 3884 38
336 3834 434 3899 patiens
450 3832 454 3899 Ι
471 3837 503 3885 46
522 3848 597 3900 quant
614 3833 617 3898 Ι
634 3834 666 3883 55
686 3832 787 3883 mallem
803 3833 806 3898 Ι
823 3835 854 3884 59
874 3830 972 3881 tantulo
984 3830 1019 3893 (o)
1035 3831 1039 3893 Ι
1056 3805 1086 3881 hi
1102 3830 1138 3889 at]
1149 3828 1199 3892 (sz

125 3901 174 3966 utl
191 3902 223 3952 63
242 3901 357 3952 miseram
375 3901 462 3953 Bentl.
