2656 4448
50 166 53 170 ⁴
157 209 224 269 234

157 1079 200 1130 285

156 3626 202 3677 315

238 893 372 973 'Dignam
395 894 559 975 legeregi3
582 895 628 956 lex
651 907 695 958 est
716 907 834 976 accepta
858 898 1028 978 chorusque
1109 924 1116 981 j

484 254 486 258 .
538 211 579 265 DE
596 212 688 265 ARTE
702 213 848 268 roetico.

246 384 303 454 Oui
326 392 469 445 canerent
490 394 672 463 agerentque
694 387 831 464 peruncti
854 388 985 450 faecibus
1009 408 1070 451 ora.

145 549 149 555 .
245 468 315 530 Post
337 469 418 530 bunc
439 486 584 550 personae
607 469 759 550 pallaeque
781 481 917 551 repertor
938 474 1080 537 honestae

245 554 405 634 Aeschylus
427 563 457 615 et
479 556 603 617 modicis
625 555 758 616 instravit
779 558 893 637 pulpita
916 551 1015 638 tignis
1151 626 1155 633 ,

245 639 283 700 Et
305 640 405 700 docuit
426 652 634 719 magnumque.
648 640 728 718 loqui
752 641 866 720 nitique
888 645 1045 705 cothurno.
1115 647 1122 695 ⁷-

245 724 394 786 Successit
415 733 498 786 vetus
519 725 565 786 his
587 724 748 798 comoedia,
772 745 834 788 non
857 727 926 789 sine
943 729 1037 790 multa

244 809 359 884 Laudc3
382 809 433 871 sed
456 810 487 870 in
511 810 611 871 vitium
633 809 754 871 libertas
777 813 884 872 excidit
906 822 936 873 et
957 814 1014 875 vim
1120 852 1123 858 ·

241 979 383 1058 Turpiter
405 975 528 1041 obticuit
549 980 663 1041 sublato
686 981 750 1042 iure
773 983 912 1048 nocendi.

242 1063 290 1125 Nil
312 1065 516 1144 intemptatum
540 1066 635 1127 nostri
655 1066 769 1144 liquere
791 1076 904 1147 poetae,

244 1150 482 1212 Necminimum
505 1169 640 1212 meruere
663 1152 753 1213 decus
775 1153 894 1231 vestigia
917 1153 1027 1214 Graeca
1056 1214 1059 1218 ,

244 1236 314 1296 Ausi
337 1237 473 1297 deserere
495 1244 524 1296 et
546 1236 695 1298 celebrare
718 1237 876 1303 domestica
900 1239 985 1310 lacta,

244 1320 295 1382 Vel
318 1321 368 1400 qui
390 1329 557 1401 praetextas
578 1322 622 1383 rel
645 1322 695 1400 qui
719 1322 847 1384 docuere
869 1331 990 1403 togatas.
1034 1385 1035 1388 ,
1143 1339 1162 1379 .·

244 1407 304 1480 Nec
327 1407 435 1468 virtute
457 1408 535 1467 leret
557 1406 679 1468 clarisve
701 1408 854 1486 potentius
876 1409 988 1470 armis·

245 1492 339 1562 Quam
363 1492 473 1571 lingua,
497 1492 621 1566 Latium,
645 1493 668 1554 si
692 1512 754 1554 non
778 1492 944 1555 oll'enderet
965 1511 1070 1554 unum·
1135 1537 1156 1547 „

245 1577 400 1656 Quemque
424 1586 579 1657 poetarum
601 1578 687 1638 limae
710 1577 794 1638 labor
817 1589 845 1640 et
862 1593 975 1643 ‚moras
995 1578 1062 1652 Vos,
1086 1597 1103 1638 o

244 1662 408 1742 Pompilius
430 1663 559 1742 sanguis,
583 1682 702 1725 carmen
726 1664 945 1742 reprehendite,
968 1665 1045 1743 quod
1071 1682 1131 1724 non

244 1747 333 1809 Multa
356 1747 418 1810 dies
440 1758 469 1809 et
491 1749 580 1808 multa
603 1749 690 1821 litura
714 1749 846 1810 coercuit
868 1758 956 1828 atque

244 1833 433 1895 Praesectum
456 1835 575 1894 deciens
599 1852 659 1893 non
683 1833 832 1912 castigavit
853 1834 889 1895 ad
912 1851 1051 1913 unguem.
1074 1867 1117 1880 -
1232 1875 1237 1883 -

246 1917 402 1998 Ingenium
426 1919 531 1979 misera
555 1919 622 1997 quia
646 1919 823 1980 fortunatius
845 1928 907 1979 arte

246 2002 344 2064 Credit
366 2013 395 2063 et
417 2004 546 2064 excludit
567 2021 654 2064 sanos
677 2002 820 2063 Helieone
842 2013 945 2082 poetas
981 2017 983 2021 ⁴

244 2087 437 2159 Democritus,
461 2088 538 2147 bona
561 2105 629 2166 pars
652 2105 712 2146 non
736 2088 844 2164 unguis
867 2105 980 2166 ponere
1004 2096 1096 2160 curat,

244 2171 310 2232 Non
335 2171 467 2242 barbam,
490 2180 603 2231 secreta
625 2171 699 2249 petit
720 2171 793 2244 loca,
818 2171 922 2232 balnea
946 2173 1029 2232 vitat:

244 2256 438 2318 Nanciscetur
461 2256 541 2316 enim
563 2256 690 2335 pretium
715 2275 884 2335 nomenque
906 2266 1020 2336 poetae,

245 2342 276 2403 Si
299 2341 393 2404 tribus
415 2341 563 2422 Anticyris
586 2350 675 2420 caput
697 2341 868 2403 insanabile·
884 2358 1046 2420 numquam

245 2427 373 2489 Tonsori
397 2427 501 2489 hicine
525 2426 706 2488 conmiserit.
752 2426 775 2487 Ο
800 2445 854 2507 ego
878 2427 1002 2502 laevus„

245 2513 303 2583 Qui
325 2531 438 2592 purgor
460 2512 549 2573 bilem
572 2511 627 2573 sub
651 2512 732 2572 verni
754 2512 896 2592 temporis
918 2511 1037 2573 boraml

244 2599 311 2659 Non
334 2599 407 2659 alius
431 2599 541 2658 laceret
563 2597 682 2658 meliora
705 2608 856 2677 poemata;
878 2617 980 2658 rerum

244 2683 290 2744 Nil
312 2684 386 2744 tanti
409 2692 462 2744 est.
507 2682 586 2761 Ergo
608 2684 716 2761 fungar
737 2683 799 2744 vice
821 2683 904 2758 cotis,
927 2691 1045 2743 acutum

244 2767 377 2828 lleddere
401 2786 475 2847 quae
498 2769 609 2828 ferrum
633 2768 708 2827 valet
730 2786 831 2829 exsors
853 2770 915 2847 ipsa
938 2766 1074 2829 secandi:

245 2852 353 2914 Munus
375 2862 405 2914 et
427 2853 568 2924 osticium,
591 2853 633 2913 nil
655 2851 790 2914 scribens
812 2853 885 2933 ipsc,
908 2852 1031 2924 docebo,
1098 2872 1101 2879 ⁴

246 2937 330 2998 Unde
353 2949 496 3017 parentur
519 2956 600 3017 opes,
624 2937 694 3015 quid
716 2937 774 2998 alat
795 2939 963 3016 formetque
986 2944 1114 3016 poetam,

245 3021 321 3094 Quid
345 3025 456 3095 deceat,
479 3024 548 3101 quid
573 3041 644 3095 non,
668 3041 728 3101 quo
749 3023 851 3096 virtus,
875 3041 934 3102 quo
957 3024 1031 3083 ferat
1053 3038 1146 3082 error.
1160 3055 1212 3104 .-

246 3106 402 3169 Scribendi
425 3118 505 3169 reete
527 3126 630 3187 sapere
653 3117 697 3168 cst
719 3119 749 3168 et
771 3108 950 3186 principium
974 3117 1004 3168 et
1026 3108 1102 3167 lone.

247 3192 320 3254 Rem
343 3192 395 3254 tibi
419 3193 587 3255 Socraticae
609 3201 754 3271 poterunt
775 3195 933 3254 ostendere
955 3193 1083 3264 chartae,

244 3277 399 3357 Verbaque
421 3279 568 3359 provisam
592 3295 654 3337 rem
678 3297 739 3338 non
762 3277 851 3339 invita
874 3286 1047 3356 sequentur.
1157 3299 1159 3305 ¹

245 3361 303 3434 Qui
325 3363 435 3438 didicit,
457 3364 568 3442 patriae
591 3361 660 3439 quid
683 3362 789 3423 debeat
812 3372 840 3423 et
862 3363 932 3442 quid
954 3361 1065 3435 amicis,

245 3446 312 3519 Quo
335 3449 372 3510 sit
393 3467 494 3510 amore
515 3466 632 3527 parens,
656 3465 716 3526 quo
739 3449 829 3508 irater
851 3447 993 3508 amandus
1014 3455 1044 3507 et
1065 3446 1183 3530 hospes,

245 3533 331 3603 Quod
354 3533 391 3594 sit
413 3533 583 3613 conscripti,
607 3533 685 3610 quod
709 3532 812 3594 iudicis
834 3533 974 3606 officium,
998 3550 1073 3610 quae

245 3618 344 3680 Partes
366 3619 396 3679 in
420 3619 530 3680 bellum
553 3617 633 3678 missi
657 3616 748 3691 ducis,
770 3617 819 3679 ille
842 3620 974 3698 prolecto

160 3751 363 3764 ———-·

244 3852 268 3889 c.
288 3839 337 3890 ΥΠ
356 3837 414 3902 out]
433 3838 533 3889 eante:
551 3850 617 3904 quae
632 3835 637 3902 Ι
652 3839 706 3900 ora]
719 3836 780 3888 atris
795 3836 866 3901 lter
877 3837 1047 3904 praesectum}
1065 3856 1098 3878 ³-
1112 3835 1158 3884 13⁰:
1177 3849 1236 3900 per·

159 3903 253 3956 lectum
270 3908 274 3973 l
290 3907 344 3960 308
358 3907 449 3958 doceat
