2656 4448
127 171 167 233 72
491 175 663 229 GARbllNUll
680 177 710 229 lll
728 180 769 232 23.
788 181 828 233 24.

252 344 325 409 Nam
348 365 423 426 quae
445 349 532 409 nivali
554 349 683 428 pascitur
704 350 808 429 Algido

182 442 210 493 10
253 432 361 494 Derota
385 450 512 511 quercus
534 433 613 494 inter
635 442 665 494 et
685 434 767 496 ilices

299 520 358 578 Aut
379 519 484 579 crescit
504 517 624 580 Albanis
645 519 676 579 in
698 519 798 581 herbis

350 600 470 662 Victima
491 604 665 682 pontificum
688 605 798 666 securis

254 720 372 782 Cervioe
394 720 502 800 tinget:
525 730 554 781 te
577 722 650 782 nihil
671 723 776 783 attinet

254 805 409 884 Temptare
432 805 522 866 multa
545 807 632 867 caede
653 806 818 869 bidentium

181 900 209 951 ta
297 889 407 950 Parvos
429 899 621 952 coronantem
644 892 757 952 marino

352 974 429 1036 Rore
452 974 522 1036 deos
544 975 698 1054 fragilique
720 987 826 1056 myrto.

256 1093 389 1154 Inmunis
411 1111 489 1154 aram
512 1094 536 1155 si
559 1093 654 1171 tetigit
675 1113 790 1168 manus,

255 1177 321 1238 Non
345 1189 515 1257 sumptuosa
538 1177 673 1239 blandior
694 1179 797 1252 hostia,

302 1261 422 1323 Mollivit
443 1281 559 1325 aversos
581 1263 699 1325 Penatis

185 1355 213 1406 2⁰
342 1346 431 1408 Farre
453 1348 502 1428 pio
525 1358 555 1408 et
576 1347 697 1409 saliente
718 1349 804 1409 mica.

616 1669 705 1728 XXIV

258 1785 379 1846 Intactis
402 1786 568 1865 opulentior

304 1870 461 1930 Thesauris
483 1870 611 1930 Arabum
634 1880 664 1930 et
685 1871 779 1933 divitis
801 1872 901 1933 Indiae

259 1953 425 2015 Caementis
447 1954 515 2015 licet
537 1973 664 2035 occupes

304 2038 467 2098 Terrenum
491 2058 578 2100 omne
600 2040 657 2100 tuis
680 2050 709 2100 et
730 2058 810 2102 mare
833 2041 993 2119 publicum,

201 2134 215 2183 5
258 2122 289 2183 Si
312 2123 374 2200 figit
396 2124 597 2185 adamantinos

304 2207 431 2269 Summis
452 2208 610 2269 verticibus
632 2209 694 2269 dira
717 2210 879 2272 Necessitas

260 2290 368 2365 Claros,
393 2312 453 2353 non
477 2294 606 2355 animum
629 2303 718 2368 metu,

304 2377 369 2437 Non
393 2379 496 2440 mortis
517 2379 629 2457 laqueis
651 2379 787 2458 expedies
809 2390 906 2459 caput.

259 2460 444 2542 Campestres
466 2464 568 2525 melius
589 2463 723 2543 Scythae,

189 2555 217 2607 10
302 2546 435 2618 Quorum
456 2549 585 2628 plaustra
607 2567 691 2626 vagas
714 2550 769 2609 rite
792 2550 914 2610 trahunt
936 2551 1052 2622 domos,

259 2631 367 2693 Vivunt
388 2641 417 2693 et
438 2633 523 2712 rigidi
546 2633 645 2707 Getae,

306 2717 448 2778 lnmetata
471 2718 578 2796 quibus
600 2719 699 2797 iugera
721 2718 827 2779 liberas

260 2800 373 2881 Fruges
395 2811 424 2863 et
446 2803 581 2864 Cererem
606 2803 706 2864 lerunt

307 2887 367 2948 Nec
390 2889 503 2948 cultura
526 2888 621 2968 placet
643 2887 759 2968 longior
781 2905 878 2948 annua

190 2980 218 3031 tt
260 2971 498 3052 Defunctumque
520 2972 670 3034 laboribus

306 3056 427 3133 Aequali
450 3067 563 3117 recreat
583 3069 663 3118 sorte
686 3057 817 3119 vicarius.

261 3139 324 3200 lllic
345 3150 438 3201 matre
460 3141 629 3203 carentibus

308 3224 452 3304 Privignis
474 3226 580 3287 mulier
601 3235 745 3304 temperat
767 3225 911 3286 innocens

260 3307 321 3369 Nec
344 3309 440 3371 dotata
461 3311 536 3390 regit
556 3310 651 3371 virum

191 3403 220 3453 20
305 3393 440 3456 Coniunx
463 3413 519 3456 nec
542 3394 634 3455 nitido
657 3395 719 3455 fidit
741 3394 888 3454 adultero:

135 3526 336 3537 .---ᾗ

222 3643 299 3696 1111111
317 3660 341 3699 o.
362 3647 392 3698 12
410 3647 517 3698 securim
536 3650 570 3712 (o)

219 3711 298 3763 xtttv
315 3729 340 3766 o.
358 3718 374 3767 4
392 3713 538 3779 Terrenum]
561 3715 748 3767 hartmannus
775 3716 811 3766 ad
827 3714 906 3764 Lacr.
934 3713 943 3763 l
969 3714 1019 3766 360
1048 3712 1082 3773 cf.
1106 3716 1207 3781 Porpb.

135 3779 408 3915 bcngiicbrbrriirinum
424 3779 429 3851 Ι
444 3783 583 3849 publicum]
602 3800 617 3834 o
635 3788 678 3850 (=
695 3785 752 3846 BQ·
769 3783 957 3833 hartmannus
975 3781 992 3832 1.
1011 3781 1052 3845 1.);
1071 3782 1206 3848 ponticum
