2656 4448
456 199 628 278 cnnmunu
645 227 675 279 111
695 231 734 283 ts.
753 232 793 284 m.
813 233 852 286 1a.
933 232 937 243 ·

253 395 425 476 Importuna
447 406 543 458 tamen
567 399 723 478 pauperies
745 400 836 475 abest,

252 481 321 555 Nec,
345 483 369 543 si
392 483 476 561 plura
499 483 594 557 velim,
618 492 651 543 tu
674 485 743 545 dare
766 485 902 566 deneges.

299 566 457 628 Contracto
479 568 584 630 melius
606 586 695 648 parva
718 569 856 650 cupidine

180 659 209 710 tu
351 653 507 731 Vectigalia
529 654 676 734 porrigam

253 769 346 841 Quam
369 772 393 833 si
415 770 579 851 Mygdoniis
601 790 726 851 regnum
748 773 873 852 Alyattei

254 853 370 936 Campis
392 857 573 918 continuem.
618 857 708 917 Multa
730 858 901 937 petentibus

299 941 413 1002 Desunt
435 942 540 1002 multa:
564 941 642 1002 bene
664 951 718 1015 est,
741 943 789 1004 cui
811 943 885 1005 deus
909 942 1014 1005 obtulit

349 1026 441 1087 Parca
465 1026 542 1105 quod
566 1026 635 1088 satis
658 1036 702 1088 est
724 1045 824 1088 manu.

592 1214 738 1228 ——

622 1329 699 1389 XVII

252 1448 316 1508 Aeli
337 1455 451 1508 vetusto
475 1447 583 1509 nobilis
606 1447 642 1508 ab
666 1447 757 1508 Lamo
777 1481 791 1492 -
820 1456 825 1467 “

254 1531 378 1603 Quando
401 1541 430 1593 et
452 1534 566 1612 priores
587 1533 657 1594 binc
679 1533 794 1594 Lamias
816 1533 916 1595 ferunt

300 1618 512 1680 Denominatos
535 1627 564 1679 et
586 1626 728 1697 nepotum

350 1704 407 1763 Per
429 1722 575 1764 memores
596 1721 691 1783 genus
714 1720 802 1763 omne
823 1703 924 1774 fastus,

196 1831 211 1880 5
253 1823 382 1882 Auctore
404 1821 440 1881 ab
463 1822 512 1882 illo
535 1821 616 1881 ducit
639 1821 793 1899 originem,

254 1906 310 1977 Qui
334 1906 517 1966 Formiarum
540 1906 656 1966 moenia
679 1906 786 1965 dicitur

300 1991 443 2069 Princeps
464 2000 494 2051 et
515 1991 669 2051 innantem
691 1990 816 2051 Maricae

352 2074 501 2136 Litoribus
522 2076 652 2136 tenuisse
675 2075 775 2148 Lirim,

254 2192 326 2253 Late
348 2205 491 2274 tyrannus
512 2226 535 2266 -‚
559 2211 624 2254 cras
646 2193 723 2254 soliis
746 2212 852 2255 nemus

183 2288 211 2339 10
253 2278 353 2340 Multis
376 2288 404 2340 et
425 2279 488 2357 alga
510 2278 579 2339 litus
601 2278 698 2339 inutili

300 2363 431 2426 Demissa
453 2372 611 2441 tempestas
633 2363 669 2423 ab
692 2362 773 2424 Euro

354 2450 482 2522 Sternet,
505 2466 597 2526 aquae
620 2447 675 2509 nisi
698 2448 771 2509 fallit
792 2466 888 2527 augur

254 2570 374 2630 Annosa
397 2568 510 2649 cornix.
556 2565 632 2626 Dum
654 2574 748 2644 potes,
771 2566 884 2628 aridum

256 2653 407 2734 Compone
430 2653 556 2733 lignum:
581 2670 646 2712 cras
670 2651 796 2711 Genium
820 2671 902 2712 mero

185 2748 213 2799 15
299 2738 422 2800 Curabis
446 2748 474 2799 et
495 2755 587 2817 porco
609 2736 764 2796 bimenstri

353 2823 425 2885 Cum
447 2823 562 2884 famulis
586 2839 709 2900 operum
731 2820 843 2882 solutis.

617 3142 708 3202 XVIII

256 3258 365 3334 Fauna
387 3261 586 3340 Nympharum
608 3261 774 3339 fugientum
797 3269 918 3332 amator,

256 3344 312 3405 Per
335 3363 416 3406 meos
438 3346 504 3407 finis
527 3353 556 3405 et
578 3346 676 3424 aprica
698 3363 766 3405 rura

255 3428 344 3492 Lenis
367 3429 485 3492 incedas
507 3430 653 3508 abeasque
674 3431 769 3510 parvis

330 3516 450 3593 Aequus
473 3516 607 3590 alumnis,

128 3649 331 3659 ——

213 3763 279 3816 XVI!
297 3782 320 3818 υ.
339 3768 424 3828 [2-5]
442 3766 471 3815 Μ
492 3768 496 3830 Ι
519 3770 535 3819 4
557 3766 647 3830 fastus]
670 3764 704 3826 cf.
722 3764 755 3815 IV
776 3767 819 3826 14,
843 3766 872 3823 4;
901 3780 958 3830 opp.
984 3763 1003 3815 ΙΙ
1032 3767 1054 3826 1,
1080 3765 1114 3816 48
1139 3764 1203 3822 coll.

128 3836 209 3886 hirc.
228 3831 259 3884 Vi
278 3835 293 3898 ξ
313 3837 359 3886 ¹12:
385 3833 466 3885 fastos
493 3838 497 3897 Ι
524 3837 538 3885 5
562 3833 640 3897 ducit]
665 3836 689 3899 (υ
699 3836 732 3898 ?);
762 3833 795 3884 D.
813 3832 953 3896 Honestum
975 3831 1073 3884 Bentl.:
1100 3830 1173 3884 ducis
1202 3841 1206 3903 ι

131 3904 161 3954 13
180 3901 248 3969 potis
265 3903 300 3966 (o)
316 3905 320 3969 Ι
338 3905 370 3957 15
388 3916 465 3968 porca
483 3903 579 3968 Porpb.
599 3903 654 3956 cod.
674 3901 744 3952 Mon.
