2656 4448
499 219 688 273 sermonum
705 221 715 272 l
733 224 756 274 3.
773 224 796 273 4.

206 394 268 454 Nec
290 393 384 454 soleas
406 394 484 465 lecit,
508 402 590 455 sutor
612 401 710 452 tamen
734 400 779 453 est
800 382 936 471 sapiens.³
984 389 1065 463 Qui?

202 472 254 540 ‘Ut
276 479 407 556 quamvis
428 487 505 539 tacet
526 479 739 557 Hermogenes,
763 486 868 538 cantor
889 487 987 537 mmen
1011 487 1099 556 atque

207 563 343 642 Optimus
366 573 410 624 est
431 564 606 635 modulator,
629 572 662 621 ut
684 562 877 622 Alienusf
829 581 860 622 ra
863 564 907 622 fer
929 563 1010 623 omui
1150 573 1192 622 111)

206 648 328 709 Abiecto
351 649 549 709 instrumento
573 649 642 709 artis
665 648 821 724 clausaque
844 646 967 709 taberna

208 732 327 794 Tonsor
349 742 420 805 erat,
444 734 562 830 sapiens
585 732 684 833 operis
707 732 749 793 sic
773 732 901 810 optimus
924 732 1019 793 omnis

208 817 261 878 Est
283 818 389 897 opifex,
413 818 493 878 solus
516 818 558 879 sie
580 807 650 878 rex?
691 817 810 877 Velluut
831 817 884 877 tibi
907 816 1028 877 barbam

208 902 321 964 Lasciri
344 904 444 982 pueri:
468 921 543 998 quos
564 913 596 963 tu
621 903 676 963 nisi
699 903 777 962 fuste
800 920 928 973 coerces,
1107 956 1110 962 ⁴

207 987 328 1065 Urgeris
350 987 436 1049 turba
459 988 571 1049 circum
593 997 622 1048 te
644 996 742 1048 stante
763 987 911 1065 miserque
1151 995 1193 1045 tao

206 1071 365 1152 Rumperis
387 1082 417 1133 et
438 1074 535 1145 latras,
558 1090 733 1149 magnorum
756 1073 880 1133 maxime
902 1090 1015 1149 regum.
1040 1104 1078 1114 —

208 1157 250 1217 lle
273 1157 396 1237 longum
419 1159 537 1218 faciam:
561 1159 630 1217 dum
654 1167 687 1217 tu
709 1156 871 1236 quadrante
893 1157 1018 1217 lavatum

207 1241 270 1302 Rex
292 1241 349 1303 ibis
372 1262 469 1322 neque
492 1253 521 1304 te
544 1243 699 1321 quisquam
723 1242 847 1320 stipator
868 1243 1002 1321 ineptum

208 1326 330 1387 Praeter
351 1327 521 1407 Crispinum
543 1328 713 1399 sectabitur,
737 1326 858 1386 etmihi
880 1327 981 1387 dulces

207 1410 377 1491 lgnosoeut
400 1414 496 1490 siquid
520 1430 644 1491 peccaro
667 1412 783 1484 stultus,
807 1412 890 1471 amici
1152 1419 1194 1468 140

208 1496 302 1574 luque
324 1497 417 1557 vicem
441 1498 557 1558 illorum
580 1497 675 1575 patiar
697 1496 801 1556 delicta
823 1495 953 1556 libenter

208 1581 400 1660 Privatusque
422 1583 514 1660 magis
536 1584 628 1642 vivam
651 1594 680 1641 te
703 1599 772 1658 rege
794 1581 906 1641 beatus.

640 1801 676 1861 lV

210 1918 331 1998 Eupolis
353 1930 441 1998 atque
465 1919 601 1981 Cratinus
623 1919 893 1999 Aristophanesque
917 1926 1020 1997 poetae

209 2005 306 2083 Atque
328 2005 385 2078 alii,
407 2023 535 2083 quorum
558 2005 708 2066 comoedia
732 2005 829 2084 prisca
852 2004 981 2063 virorum
1003 2013 1056 2074 est,

211 2089 308 2167 Siquis
331 2099 392 2150 erat
414 2090 521 2169 diguus
543 2091 678 2163 describi,
701 2091 780 2168 quod
804 2090 896 2149 malus
919 2107 952 2149 ac
974 2089 1031 2161 fur,

210 2174 296 2245 Quod
317 2176 459 2237 moechus
481 2177 558 2237 loret
580 2185 630 2236 aut
652 2176 775 2237 sicarius
797 2183 848 2235 aut
869 2175 977 2253 alioqui

212 2258 361 2333 Famosus,
385 2261 475 2321 multa
498 2280 565 2321 cum
588 2261 723 2321 libertate
747 2260 898 2320 notabant.

211 2344 288 2405 Hinc
311 2346 408 2406 omnis
431 2345 540 2424 pendet
561 2345 701 2417 Lucilius,
724 2345 813 2405 hosce
836 2354 954 2405 secutus

211 2430 328 2490 Mutatio
350 2439 463 2490 tautum
486 2429 612 2508 pedibus
635 2430 835 2506 numerisque,
857 2431 977 2500 facetus,

211 2513 373 2574 Emunctae
397 2515 485 2581 naris,
508 2514 600 2574 durus
622 2531 803 2591 componere
825 2531 934 2572 versus.

210 2598 283 2658 Nam
307 2599 362 2657 luit
384 2599 439 2659 hoc
463 2598 598 2658 vitiosus:
620 2598 651 2657 in
675 2597 747 2657 hora
770 2616 857 2676 saepe
880 2596 1035 2667 ducentae,

211 2682 250 2741 Ut
272 2700 421 2759 maguum,
444 2701 545 2743 versus
567 2682 694 2743 dictabat
716 2691 796 2742 stans
819 2682 893 2760 pede
917 2682 947 2740 in
971 2698 1048 2753 un0;
1169 2688 1197 2737 10

212 2765 284 2827 Cum
307 2767 412 2827 flueret
433 2767 605 2841 lutulentus,
629 2776 691 2827 erat
713 2766 827 2845 quodt
815 2766 919 2826 tollere
940 2765 1043 2839 velles;

211 2851 353 2912 Garrulus
375 2861 462 2929 atque
485 2853 568 2931 piger
590 2852 738 2913 scribendi
761 2852 838 2910 ferre
861 2850 1001 2922 laborem,

212 2936 368 2997 Scribendi
391 2947 481 3018 recte,
506 2955 573 2996 uam
596 2946 629 2998 ut
650 2938 785 3009 multum,
809 2936 851 2994 nil
872 2954 982 2995 moror.
1022 2934 1110 3005 Ecce,

212 3020 365 3100 Crispinus
387 3023 508 3083 minimo
531 3041 578 3082 me
600 3032 740 3101 provocat
758 3014 881 3098 ‘accipe
904 3021 928 3080 si
950 3021 1002 3092 viS,

212 3108 360 3186 Accipiam
385 3109 513 3183 tabulas3
537 3108 633 3168 detur.
646 3106 732 3167 uobis
754 3105 845 3170 locus
870 3107 952 3178 bora,
1169 3111 1197 3161 15

213 3190 363 3268 Custodes,
386 3194 590 3253 rideamust
557 3201 623 3253 uter
645 3192 712 3271 plus
733 3190 863 3252 scribere
886 3180 995 3270 possit.
1023 3222 1063 3232 -

212 3276 245 3335 lli
270 3276 346 3337 bene
369 3279 544 3351 lecerunt'
537 3278 635 3356 mopis
658 3296 703 3336 me
727 3277 865 3354 quodque
887 3275 985 3355 pusilli

213 3360 378 3422 Finxerunt
398 3363 498 3437 animi,
520 3381 587 3423 raro
611 3371 640 3423 et
661 3380 810 3441 perpauca
832 3362 1013 3439 loquentem,

212 3446 249 3505 m
270 3455 302 3505 tu
325 3448 481 3508 conclusas
503 3449 625 3508 hircinis
647 3446 766 3508 follibus
788 3465 872 3506 auras

215 3629 286 3682 lllo.
307 3633 352 3684 131
368 3632 465 3682 ustrina
478 3631 516 3680 ba
543 3631 547 3696 Ι
575 3632 621 3683 132
635 3633 733 3692 tonsor]
750 3619 1063 3679 ‘erneisolmracteribns’
1078 3626 1121 3687 (m.
1140 3624 1196 3677 scil.

125 3701 180 3763 pr.)
197 3698 246 3748 Ba:
265 3699 355 3764 sutori
373 3700 420 3752 133
440 3698 526 3764 opifex
544 3698 623 3760 solus,
641 3699 679 3749 sic
697 3699 731 3749 ol
748 3698 752 3763 Ι
775 3701 821 3749 140
839 3697 952 3763 peccabo
970 3697 1005 3757 (υ)
1030 3694 1034 3758 l
1060 3695 1107 3745 142
1125 3693 1197 3744 vivat

126 3767 223 3831 Porpb.
242 3771 271 3815 in
291 3767 373 3818 loom.
393 3767 463 3818 vivet
480 3768 517 3818 id.
534 3769 564 3816 in
582 3738 643 3816 adb.

126 3901 135 3951 l
212 3833 244 3885 lV
262 3852 286 3886 υ
307 3839 338 3886 15
357 3836 444 3901 accipe
462 3835 512 3886 iam
528 3835 532 3901 1
548 3835 639 3886 dentur
662 3834 666 3899 l
688 3835 718 3885 18
737 3833 896 3900 loquentem]
915 3832 1060 3882 Lambinus
1077 3828 1195 3893 (Bentl):

137 3902 257 3967 equentis
