<?xml version="1.0" encoding="UTF-8"?>
<!DOCTYPE html PUBLIC "-//W3C//DTD XHTML 1.0 Transitional//EN"
    "http://www.w3.org/TR/xhtml1/DTD/xhtml1-transitional.dtd">
<html xmlns="http://www.w3.org/1999/xhtml" xml:lang="en" lang="en">
 <head>
  <title>
</title>
<meta http-equiv="Content-Type" content="text/html;charset=utf-8" />
  <meta name='ocr-system' content='tesseract 3.04.00' />
  <meta name='ocr-capabilities' content='ocr_page ocr_carea ocr_par ocr_line ocrx_word'/>
</head>
<body>
  <div class='ocr_page' id='page_1' title='image "./qhoratiiflaccic02hertgoog_0010.png"; bbox 0 0 2656 4448; ppageno 0'>
   <div class='ocr_carea' id='block_1_1' title="bbox 58 915 1204 3978">
    <p class='ocr_par' dir='ltr' id='par_1_1' title="bbox 106 915 1198 1505">
     <span class='ocr_line' id='line_1_1' title="bbox 106 915 1196 996; baseline -0.001 -20"><span class='ocrx_word' id='word_1_1' title='bbox 106 974 110 986; x_wconf 74' lang='grc'><strong>,</strong></span> <span class='ocrx_word' id='word_1_2' title='bbox 181 959 183 962; x_wconf 92' lang='grc'>-</span> <span class='ocrx_word' id='word_1_3' title='bbox 204 915 253 976; x_wconf 77' lang='lat' dir='ltr'><strong>‘hd</strong></span> <span class='ocrx_word' id='word_1_4' title='bbox 266 916 417 977; x_wconf 83' lang='lat' dir='ltr'>Horatium</span> <span class='ocrx_word' id='word_1_5' title='bbox 434 916 580 976; x_wconf 90' lang='lat' dir='ltr'><strong>edendum</strong></span> <span class='ocrx_word' id='word_1_6' title='bbox 596 936 656 977; x_wconf 94' lang='lat' dir='ltr'><strong>nou</strong></span> <span class='ocrx_word' id='word_1_7' title='bbox 671 915 791 996; x_wconf 87' lang='lat' dir='ltr'><strong>proprio</strong></span> <span class='ocrx_word' id='word_1_8' title='bbox 803 925 884 976; x_wconf 90' lang='lat' dir='ltr'><strong>motu</strong></span> <span class='ocrx_word' id='word_1_9' title='bbox 897 916 1015 978; x_wconf 80' lang='lat' dir='ltr'><strong>accessi.</strong></span> <span class='ocrx_word' id='word_1_10' title='bbox 1029 932 1031 936; x_wconf 86' lang='lat'>·</span> <span class='ocrx_word' id='word_1_11' title='bbox 1043 916 1096 977; x_wconf 86' lang='lat' dir='ltr'><strong>Vix</strong></span> <span class='ocrx_word' id='word_1_12' title='bbox 1107 916 1196 987; x_wconf 91' lang='lat' dir='ltr'><strong>euim,</strong></span> 
     </span>
     <span class='ocr_line' id='line_1_2' title="bbox 127 1002 1198 1081; baseline 0.001 -21"><span class='ocrx_word' id='word_1_13' title='bbox 127 1019 194 1060; x_wconf 93' lang='lat' dir='ltr'><strong>cum</strong></span> <span class='ocrx_word' id='word_1_14' title='bbox 206 1011 250 1062; x_wconf 91' lang='lat' dir='ltr'><strong>tot</strong></span> <span class='ocrx_word' id='word_1_15' title='bbox 261 1002 323 1062; x_wconf 93' lang='lat' dir='ltr'><strong>eius</strong></span> <span class='ocrx_word' id='word_1_16' title='bbox 334 1003 479 1063; x_wconf 90' lang='lat' dir='ltr'><strong>editiones</strong></span> <span class='ocrx_word' id='word_1_17' title='bbox 485 1002 571 1062; x_wconf 88' lang='lat' dir='ltr'><strong>variis</strong></span> <span class='ocrx_word' id='word_1_18' title='bbox 582 1002 685 1062; x_wconf 92' lang='lat' dir='ltr'><strong>usibus</strong></span> <span class='ocrx_word' id='word_1_19' title='bbox 695 1010 780 1081; x_wconf 80' lang='lat' dir='ltr'><strong>aptae</strong></span> <span class='ocrx_word' id='word_1_20' title='bbox 791 1010 916 1075; x_wconf 83' lang='lat' dir='ltr'><strong>exstent,</strong></span> <span class='ocrx_word' id='word_1_21' title='bbox 929 1021 1003 1062; x_wconf 88' lang='lat' dir='ltr'><strong>nova</strong></span> <span class='ocrx_word' id='word_1_22' title='bbox 1015 1002 1111 1081; x_wconf 90' lang='lat' dir='ltr'><strong>aliqua</strong></span> <span class='ocrx_word' id='word_1_23' title='bbox 1122 1020 1198 1080; x_wconf 92' lang='lat' dir='ltr'><strong>opus</strong></span> 
     </span>
     <span class='ocr_line' id='line_1_3' title="bbox 127 1079 1198 1166; baseline 0 -20"><span class='ocrx_word' id='word_1_24' title='bbox 127 1105 191 1148; x_wconf 90' lang='lat' dir='ltr'><strong>esse</strong></span> <span class='ocrx_word' id='word_1_25' title='bbox 205 1106 323 1166; x_wconf 80' lang='lat' dir='ltr'><strong>semper</strong></span> <span class='ocrx_word' id='word_1_26' title='bbox 337 1087 439 1149; x_wconf 90' lang='lat' dir='ltr'><strong>censui</strong></span> <span class='ocrx_word' id='word_1_27' title='bbox 454 1087 601 1166; x_wconf 78' lang='lat' dir='ltr'>hodieque</span> <span class='ocrx_word' id='word_1_28' title='bbox 616 1106 735 1148; x_wconf 91' lang='lat' dir='ltr'><strong>censeo.</strong></span> <span class='ocrx_word' id='word_1_29' title='bbox 766 1086 805 1147; x_wconf 87' lang='lat' dir='ltr'><strong>Ut</strong></span> <span class='ocrx_word' id='word_1_30' title='bbox 819 1087 911 1148; x_wconf 88' lang='lat' dir='ltr'>nihilo</span> <span class='ocrx_word' id='word_1_31' title='bbox 927 1088 1018 1148; x_wconf 91' lang='lat' dir='ltr'><strong>setius</strong></span> <span class='ocrx_word' id='word_1_32' title='bbox 1033 1087 1090 1147; x_wconf 93' lang='lat' dir='ltr'><strong>hoc</strong></span> <span class='ocrx_word' id='word_1_33' title='bbox 1104 1079 1198 1166; x_wconf 90' lang='lat' dir='ltr'><strong>‘peri-</strong></span> 
     </span>
     <span class='ocr_line' id='line_1_4' title="bbox 127 1164 1197 1252; baseline 0 -21"><span class='ocrx_word' id='word_1_34' title='bbox 127 1172 244 1233; x_wconf 90' lang='lat' dir='ltr'><strong>culosae</strong></span> <span class='ocrx_word' id='word_1_35' title='bbox 260 1172 382 1251; x_wconf 91' lang='lat' dir='ltr'><strong>plenum</strong></span> <span class='ocrx_word' id='word_1_36' title='bbox 404 1191 479 1252; x_wconf 94' lang='lat' dir='ltr'><strong>opus</strong></span> <span class='ocrx_word' id='word_1_37' title='bbox 495 1164 582 1233; x_wconf 86' lang='lat' dir='ltr'><strong>aleae‘</strong></span> <span class='ocrx_word' id='word_1_38' title='bbox 601 1173 790 1252; x_wconf 83' lang='lat' dir='ltr'><strong>susciperem,</strong></span> <span class='ocrx_word' id='word_1_39' title='bbox 807 1181 959 1251; x_wconf 87' lang='lat' dir='ltr'><strong>permotus</strong></span> <span class='ocrx_word' id='word_1_40' title='bbox 974 1191 1039 1232; x_wconf 91' lang='lat' dir='ltr'><strong>sum</strong></span> <span class='ocrx_word' id='word_1_41' title='bbox 1055 1191 1071 1232; x_wconf 97' lang='lat' dir='ltr'><strong>a</strong></span> <span class='ocrx_word' id='word_1_42' title='bbox 1087 1171 1197 1249; x_wconf 83' lang='lat' dir='ltr'><strong>collega</strong></span> 
     </span>
     <span class='ocr_line' id='line_1_5' title="bbox 128 1256 1198 1335; baseline 0.002 -20"><span class='ocrx_word' id='word_1_43' title='bbox 128 1256 372 1319; x_wconf 86' lang='lat' dir='ltr'><strong>desideratissimo</strong></span> <span class='ocrx_word' id='word_1_44' title='bbox 393 1257 536 1317; x_wconf 85' lang='lat' dir='ltr'><strong>Guilelmo</strong></span> <span class='ocrx_word' id='word_1_45' title='bbox 553 1257 748 1327; x_wconf 90' lang='lat' dir='ltr'><strong>Studemund,</strong></span> <span class='ocrx_word' id='word_1_46' title='bbox 774 1257 824 1335; x_wconf 93' lang='lat' dir='ltr'><strong>qui</strong></span> <span class='ocrx_word' id='word_1_47' title='bbox 850 1277 906 1320; x_wconf 91' lang='lat' dir='ltr'><strong>nos</strong></span> <span class='ocrx_word' id='word_1_48' title='bbox 932 1275 1035 1318; x_wconf 91' lang='lat' dir='ltr'><strong>omnes</strong></span> <span class='ocrx_word' id='word_1_49' title='bbox 1062 1256 1198 1334; x_wconf 87' lang='lat' dir='ltr'><strong>collegas,</strong></span> 
     </span>
     <span class='ocr_line' id='line_1_6' title="bbox 127 1342 1195 1421; baseline 0.003 -22"><span class='ocrx_word' id='word_1_50' title='bbox 127 1342 246 1416; x_wconf 87' lang='lat' dir='ltr'><strong>amicos,</strong></span> <span class='ocrx_word' id='word_1_51' title='bbox 259 1342 428 1421; x_wconf 90' lang='lat' dir='ltr'><strong>discipulos,</strong></span> <span class='ocrx_word' id='word_1_52' title='bbox 440 1361 498 1420; x_wconf 94' lang='lat' dir='ltr'><strong>quo</strong></span> <span class='ocrx_word' id='word_1_53' title='bbox 511 1342 670 1402; x_wconf 91' lang='lat' dir='ltr'><strong>eratanimi</strong></span> <span class='ocrx_word' id='word_1_54' title='bbox 682 1343 797 1402; x_wconf 84' lang='lat' dir='ltr'><strong>fervore</strong></span> <span class='ocrx_word' id='word_1_55' title='bbox 809 1351 902 1420; x_wconf 86' lang='lat' dir='ltr'><strong>etqua</strong></span> <span class='ocrx_word' id='word_1_56' title='bbox 912 1342 1105 1421; x_wconf 91' lang='lat' dir='ltr'><strong>persuadendi</strong></span> <span class='ocrx_word' id='word_1_57' title='bbox 1114 1343 1141 1403; x_wconf 90' lang='lat' dir='ltr'><strong>vi</strong></span> <span class='ocrx_word' id='word_1_58' title='bbox 1152 1343 1195 1402; x_wconf 93' lang='lat' dir='ltr'><strong>in·</strong></span> 
     </span>
     <span class='ocr_line' id='line_1_7' title="bbox 129 1426 1198 1505; baseline 0.002 -20"><span class='ocrx_word' id='word_1_59' title='bbox 129 1436 269 1500; x_wconf 89' lang='lat' dir='ltr'><strong>structus,</strong></span> <span class='ocrx_word' id='word_1_60' title='bbox 285 1428 319 1487; x_wconf 95' lang='lat' dir='ltr'><strong>ad</strong></span> <span class='ocrx_word' id='word_1_61' title='bbox 332 1426 462 1486; x_wconf 90' lang='lat' dir='ltr'><strong>laborem</strong></span> <span class='ocrx_word' id='word_1_62' title='bbox 475 1426 624 1486; x_wconf 87' lang='lat' dir='ltr'><strong>incitabat.</strong></span> <span class='ocrx_word' id='word_1_63' title='bbox 650 1426 678 1486; x_wconf 94' lang='lat' dir='ltr'><strong>ls</strong></span> <span class='ocrx_word' id='word_1_64' title='bbox 689 1445 737 1486; x_wconf 92' lang='lat' dir='ltr'><strong>me</strong></span> <span class='ocrx_word' id='word_1_65' title='bbox 749 1435 817 1486; x_wconf 91' lang='lat' dir='ltr'><strong>ante</strong></span> <span class='ocrx_word' id='word_1_66' title='bbox 829 1427 885 1487; x_wconf 95' lang='lat' dir='ltr'><strong>hoc</strong></span> <span class='ocrx_word' id='word_1_67' title='bbox 897 1429 958 1487; x_wconf 85' lang='lat' dir='ltr'><strong>fere</strong></span> <span class='ocrx_word' id='word_1_68' title='bbox 970 1427 1198 1505; x_wconf 82' lang='lat' dir='ltr'><strong>quadriennium</strong></span> 
     </span>
    </p>

    <p class='ocr_par' dir='ltr' id='par_1_2' title="bbox 59 1511 1197 1591">
     <span class='ocr_line' id='line_1_8' title="bbox 59 1511 1197 1591; baseline 0.002 -22"><span class='ocrx_word' id='word_1_69' title='bbox 59 1565 61 1569; x_wconf 87' lang='lat'>.</span> <span class='ocrx_word' id='word_1_70' title='bbox 128 1511 199 1572; x_wconf 87' lang='lat' dir='ltr'><strong>adiit</strong></span> <span class='ocrx_word' id='word_1_71' title='bbox 210 1513 339 1591; x_wconf 88' lang='lat' dir='ltr'><strong>mihique</strong></span> <span class='ocrx_word' id='word_1_72' title='bbox 351 1512 487 1583; x_wconf 87' lang='lat' dir='ltr'><strong>narravit,</strong></span> <span class='ocrx_word' id='word_1_73' title='bbox 501 1511 648 1571; x_wconf 83' lang='lat' dir='ltr'><strong>librariam</strong></span> <span class='ocrx_word' id='word_1_74' title='bbox 656 1511 931 1572; x_wconf 90' lang='lat' dir='ltr'><strong>Weidmaunianam</strong></span> <span class='ocrx_word' id='word_1_75' title='bbox 943 1512 1069 1591; x_wconf 85' lang='lat' dir='ltr'><strong>hdolphi</strong></span> <span class='ocrx_word' id='word_1_76' title='bbox 1081 1512 1197 1591; x_wconf 90' lang='lat' dir='ltr'><strong>quidem</strong></span> 
     </span>
    </p>

    <p class='ocr_par' dir='ltr' id='par_1_3' title="bbox 128 1595 1198 1677">
     <span class='ocr_line' id='line_1_9' title="bbox 128 1595 1198 1677; baseline -0.001 -21"><span class='ocrx_word' id='word_1_77' title='bbox 128 1595 297 1677; x_wconf 84' lang='lat' dir='ltr'><strong>hiesslingii</strong></span> <span class='ocrx_word' id='word_1_78' title='bbox 313 1597 461 1675; x_wconf 86' lang='lat' dir='ltr'><strong>egregiam</strong></span> <span class='ocrx_word' id='word_1_79' title='bbox 482 1596 642 1657; x_wconf 86' lang='lat' dir='ltr'><strong>editionem</strong></span> <span class='ocrx_word' id='word_1_80' title='bbox 658 1596 849 1657; x_wconf 90' lang='lat' dir='ltr'><strong>Horatianam</strong></span> <span class='ocrx_word' id='word_1_81' title='bbox 866 1597 1007 1657; x_wconf 90' lang='lat' dir='ltr'><strong>continua</strong></span> <span class='ocrx_word' id='word_1_82' title='bbox 1022 1597 1198 1676; x_wconf 86' lang='lat' dir='ltr'><strong>interpreta-</strong></span> 
     </span>
    </p>

    <p class='ocr_par' dir='ltr' id='par_1_4' title="bbox 127 1680 1198 1755">
     <span class='ocr_line' id='line_1_10' title="bbox 127 1680 1198 1755; baseline 0.001 -14"><span class='ocrx_word' id='word_1_83' title='bbox 127 1682 208 1743; x_wconf 88' lang='lat' dir='ltr'><strong>tione</strong></span> <span class='ocrx_word' id='word_1_84' title='bbox 223 1683 398 1744; x_wconf 77' lang='lat' dir='ltr'><strong>instructam</strong></span> <span class='ocrx_word' id='word_1_85' title='bbox 414 1683 493 1742; x_wconf 79' lang='lat' dir='ltr'><strong>foras</strong></span> <span class='ocrx_word' id='word_1_86' title='bbox 508 1681 631 1755; x_wconf 79' lang='lat' dir='ltr'><strong>dedisse,</strong></span> <span class='ocrx_word' id='word_1_87' title='bbox 653 1683 777 1742; x_wconf 91' lang='lat' dir='ltr'><strong>eandem</strong></span> <span class='ocrx_word' id='word_1_88' title='bbox 794 1690 892 1742; x_wconf 87' lang='lat' dir='ltr'><strong>tamen</strong></span> <span class='ocrx_word' id='word_1_89' title='bbox 909 1681 995 1742; x_wconf 91' lang='lat' dir='ltr'><strong>etiam</strong></span> <span class='ocrx_word' id='word_1_90' title='bbox 1019 1680 1198 1742; x_wconf 86' lang='lat' dir='ltr'><strong>editionibus</strong></span> 
     </span>
    </p>

    <p class='ocr_par' dir='ltr' id='par_1_5' title="bbox 58 1766 1199 1846">
     <span class='ocr_line' id='line_1_11' title="bbox 58 1766 1199 1846; baseline 0.002 -21"><span class='ocrx_word' id='word_1_91' title='bbox 58 1834 59 1838; x_wconf 7' lang='grc' dir='ltr'>η</span> <span class='ocrx_word' id='word_1_92' title='bbox 128 1777 283 1828; x_wconf 89' lang='lat' dir='ltr'><strong>auctorum</strong></span> <span class='ocrx_word' id='word_1_93' title='bbox 304 1767 493 1828; x_wconf 91' lang='lat' dir='ltr'><strong>classicorum</strong></span> <span class='ocrx_word' id='word_1_94' title='bbox 520 1786 589 1828; x_wconf 94' lang='lat' dir='ltr'><strong>ase</strong></span> <span class='ocrx_word' id='word_1_95' title='bbox 609 1767 722 1828; x_wconf 91' lang='lat' dir='ltr'><strong>emissis</strong></span> <span class='ocrx_word' id='word_1_96' title='bbox 742 1767 854 1828; x_wconf 82' lang='lat' dir='ltr'><strong>Horatii</strong></span> <span class='ocrx_word' id='word_1_97' title='bbox 882 1767 1011 1828; x_wconf 90' lang='lat' dir='ltr'><strong>carmina</strong></span> <span class='ocrx_word' id='word_1_98' title='bbox 1037 1766 1199 1846; x_wconf 86' lang='lat' dir='ltr'><strong>adiungere</strong></span> 
     </span>
    </p>

    <p class='ocr_par' dir='ltr' id='par_1_6' title="bbox 129 1851 1198 1931">
     <span class='ocr_line' id='line_1_12' title="bbox 129 1851 1198 1931; baseline 0.002 -21"><span class='ocrx_word' id='word_1_99' title='bbox 129 1851 213 1923; x_wconf 90' lang='lat' dir='ltr'><strong>velle,</strong></span> <span class='ocrx_word' id='word_1_100' title='bbox 233 1853 379 1931; x_wconf 92' lang='lat' dir='ltr'><strong>simulque</strong></span> <span class='ocrx_word' id='word_1_101' title='bbox 394 1870 497 1912; x_wconf 91' lang='lat' dir='ltr'><strong>eorum</strong></span> <span class='ocrx_word' id='word_1_102' title='bbox 520 1852 702 1913; x_wconf 90' lang='lat' dir='ltr'><strong>edendorum</strong></span> <span class='ocrx_word' id='word_1_103' title='bbox 725 1853 854 1912; x_wconf 82' lang='lat' dir='ltr'><strong>officium</strong></span> <span class='ocrx_word' id='word_1_104' title='bbox 871 1853 942 1913; x_wconf 92' lang='lat' dir='ltr'><strong>mihi</strong></span> <span class='ocrx_word' id='word_1_105' title='bbox 958 1852 1073 1912; x_wconf 89' lang='lat' dir='ltr'><strong>obtulit.</strong></span> <span class='ocrx_word' id='word_1_106' title='bbox 1103 1853 1198 1924; x_wconf 81' lang='lat' dir='ltr'><strong>Quod,</strong></span> 
     </span>
    </p>

    <p class='ocr_par' dir='ltr' id='par_1_7' title="bbox 129 1936 1204 3978">
     <span class='ocr_line' id='line_1_13' title="bbox 129 1936 1198 2018; baseline -0.001 -20"><span class='ocrx_word' id='word_1_107' title='bbox 129 1956 196 1997; x_wconf 90' lang='lat' dir='ltr'><strong>cum</strong></span> <span class='ocrx_word' id='word_1_108' title='bbox 208 1957 263 2018; x_wconf 91' lang='lat' dir='ltr'><strong>per</strong></span> <span class='ocrx_word' id='word_1_109' title='bbox 273 1938 467 2017; x_wconf 89' lang='lat' dir='ltr'><strong>longinquam</strong></span> <span class='ocrx_word' id='word_1_110' title='bbox 477 1956 625 1998; x_wconf 88' lang='lat' dir='ltr'><strong>annorum</strong></span> <span class='ocrx_word' id='word_1_111' title='bbox 636 1938 742 1998; x_wconf 91' lang='lat' dir='ltr'><strong>seriem</strong></span> <span class='ocrx_word' id='word_1_112' title='bbox 754 1936 882 1998; x_wconf 90' lang='lat' dir='ltr'><strong>studium</strong></span> <span class='ocrx_word' id='word_1_113' title='bbox 891 1957 979 2017; x_wconf 91' lang='lat' dir='ltr'><strong>saepe</strong></span> <span class='ocrx_word' id='word_1_114' title='bbox 988 1938 1198 2016; x_wconf 87' lang='lat' dir='ltr'><strong>interruptum,</strong></span> 
     </span>
     <span class='ocr_line' id='line_1_14' title="bbox 132 2022 1199 2102; baseline 0.002 -20"><span class='ocrx_word' id='word_1_115' title='bbox 132 2042 292 2102; x_wconf 89' lang='lat' dir='ltr'><strong>numquam</strong></span> <span class='ocrx_word' id='word_1_116' title='bbox 309 2024 432 2083; x_wconf 91' lang='lat' dir='ltr'><strong>omnino</strong></span> <span class='ocrx_word' id='word_1_117' title='bbox 448 2023 587 2084; x_wconf 91' lang='lat' dir='ltr'><strong>omissum</strong></span> <span class='ocrx_word' id='word_1_118' title='bbox 603 2022 672 2082; x_wconf 90' lang='lat' dir='ltr'><strong>huic</strong></span> <span class='ocrx_word' id='word_1_119' title='bbox 688 2032 792 2101; x_wconf 90' lang='lat' dir='ltr'><strong>poetae</strong></span> <span class='ocrx_word' id='word_1_120' title='bbox 813 2023 955 2084; x_wconf 92' lang='lat' dir='ltr'><strong>dicassem</strong></span> <span class='ocrx_word' id='word_1_121' title='bbox 977 2031 1007 2084; x_wconf 87' lang='lat' dir='ltr'><strong>et</strong></span> <span class='ocrx_word' id='word_1_122' title='bbox 1027 2023 1199 2102; x_wconf 86' lang='lat' dir='ltr'><strong>longinquis</strong></span> 
     </span>
     <span class='ocr_line' id='line_1_15' title="bbox 129 2107 1200 2186; baseline -0.001 -18"><span class='ocrx_word' id='word_1_123' title='bbox 129 2108 283 2169; x_wconf 88' lang='lat' dir='ltr'><strong>laboribus</strong></span> <span class='ocrx_word' id='word_1_124' title='bbox 309 2108 448 2169; x_wconf 85' lang='lat' dir='ltr'><strong>Gellianis</strong></span> <span class='ocrx_word' id='word_1_125' title='bbox 477 2109 594 2169; x_wconf 87' lang='lat' dir='ltr'><strong>tandem</strong></span> <span class='ocrx_word' id='word_1_126' title='bbox 625 2107 782 2186; x_wconf 90' lang='lat' dir='ltr'><strong>aliquando</strong></span> <span class='ocrx_word' id='word_1_127' title='bbox 816 2107 956 2170; x_wconf 89' lang='lat' dir='ltr'><strong>absolutis</strong></span> <span class='ocrx_word' id='word_1_128' title='bbox 981 2126 1048 2168; x_wconf 89' lang='lat' dir='ltr'><strong>cum</strong></span> <span class='ocrx_word' id='word_1_129' title='bbox 1074 2109 1200 2168; x_wconf 83' lang='lat' dir='ltr'><strong>maxime</strong></span> 
     </span>
     <span class='ocr_line' id='line_1_16' title="bbox 130 2192 1198 2272; baseline 0 -19"><span class='ocrx_word' id='word_1_130' title='bbox 130 2194 223 2253; x_wconf 91' lang='lat' dir='ltr'><strong>otium</strong></span> <span class='ocrx_word' id='word_1_131' title='bbox 240 2202 344 2255; x_wconf 91' lang='lat' dir='ltr'><strong>nactus</strong></span> <span class='ocrx_word' id='word_1_132' title='bbox 359 2213 463 2265; x_wconf 91' lang='lat' dir='ltr'><strong>essem,</strong></span> <span class='ocrx_word' id='word_1_133' title='bbox 479 2194 654 2254; x_wconf 84' lang='lat' dir='ltr'><strong>exhortante</strong></span> <span class='ocrx_word' id='word_1_134' title='bbox 670 2203 699 2253; x_wconf 87' lang='lat' dir='ltr'><strong>et</strong></span> <span class='ocrx_word' id='word_1_135' title='bbox 720 2193 879 2272; x_wconf 88' lang='lat' dir='ltr'><strong>instigante</strong></span> <span class='ocrx_word' id='word_1_136' title='bbox 900 2194 1012 2271; x_wconf 87' lang='lat' dir='ltr'><strong>collega</strong></span> <span class='ocrx_word' id='word_1_137' title='bbox 1033 2192 1198 2254; x_wconf 89' lang='lat' dir='ltr'><strong>detrectare</strong></span> 
     </span>
     <span class='ocr_line' id='line_1_17' title="bbox 131 2278 1198 2358; baseline 0.001 -21"><span class='ocrx_word' id='word_1_138' title='bbox 131 2279 222 2340; x_wconf 92' lang='lat' dir='ltr'><strong>nolui.</strong></span> <span class='ocrx_word' id='word_1_139' title='bbox 253 2278 285 2338; x_wconf 91' lang='lat' dir='ltr'><strong>ld</strong></span> <span class='ocrx_word' id='word_1_140' title='bbox 302 2298 395 2339; x_wconf 91' lang='lat' dir='ltr'><strong>uuum</strong></span> <span class='ocrx_word' id='word_1_141' title='bbox 411 2278 543 2357; x_wconf 83' lang='lat' dir='ltr'><strong>flagitavi,</strong></span> <span class='ocrx_word' id='word_1_142' title='bbox 559 2287 594 2338; x_wconf 92' lang='lat' dir='ltr'><strong>ut</strong></span> <span class='ocrx_word' id='word_1_143' title='bbox 608 2288 713 2357; x_wconf 89' lang='lat' dir='ltr'><strong>poetae</strong></span> <span class='ocrx_word' id='word_1_144' title='bbox 726 2278 825 2340; x_wconf 76' lang='lat' dir='ltr'><strong>verbis</strong></span> <span class='ocrx_word' id='word_1_145' title='bbox 838 2279 1059 2340; x_wconf 90' lang='lat' dir='ltr'><strong>adnotationem</strong></span> <span class='ocrx_word' id='word_1_146' title='bbox 1071 2279 1198 2358; x_wconf 93' lang='lat' dir='ltr'><strong>aliquam</strong></span> 
     </span>
     <span class='ocr_line' id='line_1_18' title="bbox 131 2363 1197 2444; baseline 0.001 -21"><span class='ocrx_word' id='word_1_147' title='bbox 131 2364 262 2424; x_wconf 90' lang='lat' dir='ltr'><strong>criticam</strong></span> <span class='ocrx_word' id='word_1_148' title='bbox 285 2365 419 2425; x_wconf 89' lang='lat' dir='ltr'><strong>subicere</strong></span> <span class='ocrx_word' id='word_1_149' title='bbox 442 2365 512 2424; x_wconf 92' lang='lat' dir='ltr'><strong>mihi</strong></span> <span class='ocrx_word' id='word_1_150' title='bbox 531 2364 643 2424; x_wconf 80' lang='lat' dir='ltr'><strong>liceret.</strong></span> <span class='ocrx_word' id='word_1_151' title='bbox 670 2363 737 2424; x_wconf 78' lang='lat' dir='ltr'><strong>&#39;Hoc</strong></span> <span class='ocrx_word' id='word_1_152' title='bbox 762 2373 860 2425; x_wconf 87' lang='lat' dir='ltr'><strong>tamen</strong></span> <span class='ocrx_word' id='word_1_153' title='bbox 887 2383 903 2423; x_wconf 96' lang='lat' dir='ltr'><strong>a</strong></span> <span class='ocrx_word' id='word_1_154' title='bbox 929 2366 1117 2444; x_wconf 90' lang='lat' dir='ltr'><strong>redemptore</strong></span> <span class='ocrx_word' id='word_1_155' title='bbox 1142 2365 1197 2424; x_wconf 94' lang='lat' dir='ltr'><strong>ho-</strong></span> 
     </span>
     <span class='ocr_line' id='line_1_19' title="bbox 131 2449 1198 2523; baseline 0 -15"><span class='ocrx_word' id='word_1_156' title='bbox 131 2449 298 2510; x_wconf 91' lang='lat' dir='ltr'><strong>nestissimo</strong></span> <span class='ocrx_word' id='word_1_157' title='bbox 314 2450 352 2509; x_wconf 92' lang='lat' dir='ltr'><strong>ita</strong></span> <span class='ocrx_word' id='word_1_158' title='bbox 368 2459 484 2511; x_wconf 91' lang='lat' dir='ltr'><strong>tautum</strong></span> <span class='ocrx_word' id='word_1_159' title='bbox 501 2450 569 2510; x_wconf 93' lang='lat' dir='ltr'><strong>mihi</strong></span> <span class='ocrx_word' id='word_1_160' title='bbox 594 2468 767 2510; x_wconf 91' lang='lat' dir='ltr'><strong>concessum</strong></span> <span class='ocrx_word' id='word_1_161' title='bbox 784 2469 849 2511; x_wconf 90' lang='lat' dir='ltr'><strong>esse</strong></span> <span class='ocrx_word' id='word_1_162' title='bbox 864 2450 965 2523; x_wconf 92' lang='lat' dir='ltr'><strong>doleo,</strong></span> <span class='ocrx_word' id='word_1_163' title='bbox 982 2459 1015 2510; x_wconf 90' lang='lat' dir='ltr'><strong>ut</strong></span> <span class='ocrx_word' id='word_1_164' title='bbox 1029 2449 1198 2510; x_wconf 88' lang='lat' dir='ltr'><strong>brevissima</strong></span> 
     </span>
     <span class='ocr_line' id='line_1_20' title="bbox 130 2534 1199 2615; baseline 0.001 -22"><span class='ocrx_word' id='word_1_165' title='bbox 130 2535 213 2594; x_wconf 87' lang='lat' dir='ltr'><strong>heret</strong></span> <span class='ocrx_word' id='word_1_166' title='bbox 234 2536 306 2596; x_wconf 90' lang='lat' dir='ltr'><strong>haec</strong></span> <span class='ocrx_word' id='word_1_167' title='bbox 327 2535 485 2596; x_wconf 91' lang='lat' dir='ltr'><strong>adnotatio.</strong></span> <span class='ocrx_word' id='word_1_168' title='bbox 522 2535 582 2595; x_wconf 93' lang='lat' dir='ltr'><strong>lam</strong></span> <span class='ocrx_word' id='word_1_169' title='bbox 603 2553 666 2615; x_wconf 84' lang='lat' dir='ltr'><strong>rem</strong></span> <span class='ocrx_word' id='word_1_170' title='bbox 688 2535 726 2595; x_wconf 82' lang='lat' dir='ltr'><strong>ita</strong></span> <span class='ocrx_word' id='word_1_171' title='bbox 748 2535 903 2596; x_wconf 87' lang='lat' dir='ltr'><strong>instituere</strong></span> <span class='ocrx_word' id='word_1_172' title='bbox 930 2534 1098 2613; x_wconf 76' lang='lat' dir='ltr'><strong>oportebat,</strong></span> <span class='ocrx_word' id='word_1_173' title='bbox 1125 2543 1158 2595; x_wconf 91' lang='lat' dir='ltr'><strong>ut</strong></span> <span class='ocrx_word' id='word_1_174' title='bbox 1183 2553 1199 2594; x_wconf 97' lang='lat' dir='ltr'><strong>a</strong></span> 
     </span>
     <span class='ocr_line' id='line_1_21' title="bbox 130 2619 1199 2700; baseline 0.002 -22"><span class='ocrx_word' id='word_1_175' title='bbox 130 2619 206 2680; x_wconf 90' lang='lat' dir='ltr'><strong>iusto</strong></span> <span class='ocrx_word' id='word_1_176' title='bbox 222 2621 339 2698; x_wconf 90' lang='lat' dir='ltr'><strong>quidem</strong></span> <span class='ocrx_word' id='word_1_177' title='bbox 355 2629 495 2700; x_wconf 87' lang='lat' dir='ltr'><strong>apparatu</strong></span> <span class='ocrx_word' id='word_1_178' title='bbox 512 2621 614 2680; x_wconf 89' lang='lat' dir='ltr'><strong>critico</strong></span> <span class='ocrx_word' id='word_1_179' title='bbox 627 2620 813 2681; x_wconf 87' lang='lat' dir='ltr'><strong>conficiendo</strong></span> <span class='ocrx_word' id='word_1_180' title='bbox 825 2620 1014 2692; x_wconf 83' lang='lat' dir='ltr'><strong>abstinerem,</strong></span> <span class='ocrx_word' id='word_1_181' title='bbox 1029 2621 1078 2680; x_wconf 93' lang='lat' dir='ltr'><strong>sed</strong></span> <span class='ocrx_word' id='word_1_182' title='bbox 1091 2619 1121 2679; x_wconf 92' lang='lat' dir='ltr'><strong>in</strong></span> <span class='ocrx_word' id='word_1_183' title='bbox 1134 2629 1199 2680; x_wconf 89' lang='lat' dir='ltr'><strong>arto</strong></span> 
     </span>
     <span class='ocr_line' id='line_1_22' title="bbox 131 2703 1200 2783; baseline 0 -18"><span class='ocrx_word' id='word_1_184' title='bbox 131 2705 226 2783; x_wconf 91' lang='lat' dir='ltr'><strong>spatio</strong></span> <span class='ocrx_word' id='word_1_185' title='bbox 241 2706 313 2765; x_wconf 91' lang='lat' dir='ltr'><strong>mihi</strong></span> <span class='ocrx_word' id='word_1_186' title='bbox 329 2724 471 2766; x_wconf 86' lang='lat' dir='ltr'><strong>concesso</strong></span> <span class='ocrx_word' id='word_1_187' title='bbox 487 2714 516 2765; x_wconf 95' lang='lat' dir='ltr'><strong>et</strong></span> <span class='ocrx_word' id='word_1_188' title='bbox 530 2706 659 2764; x_wconf 87' lang='lat' dir='ltr'><strong>virorum</strong></span> <span class='ocrx_word' id='word_1_189' title='bbox 676 2706 831 2766; x_wconf 91' lang='lat' dir='ltr'><strong>doctorum</strong></span> <span class='ocrx_word' id='word_1_190' title='bbox 847 2714 876 2764; x_wconf 89' lang='lat' dir='ltr'><strong>et</strong></span> <span class='ocrx_word' id='word_1_191' title='bbox 891 2703 1122 2765; x_wconf 92' lang='lat' dir='ltr'><strong>adolescentium</strong></span> <span class='ocrx_word' id='word_1_192' title='bbox 1137 2714 1200 2766; x_wconf 90' lang='lat' dir='ltr'><strong>stu-</strong></span> 
     </span>
     <span class='ocr_line' id='line_1_23' title="bbox 130 2788 1105 2869; baseline -0.001 -19"><span class='ocrx_word' id='word_1_193' title='bbox 130 2789 280 2850; x_wconf 91' lang='lat' dir='ltr'><strong>diosorum</strong></span> <span class='ocrx_word' id='word_1_194' title='bbox 296 2790 458 2851; x_wconf 91' lang='lat' dir='ltr'><strong>commodis</strong></span> <span class='ocrx_word' id='word_1_195' title='bbox 474 2808 561 2868; x_wconf 91' lang='lat' dir='ltr'><strong>quam</strong></span> <span class='ocrx_word' id='word_1_196' title='bbox 576 2789 701 2849; x_wconf 87' lang='lat' dir='ltr'><strong>maxime</strong></span> <span class='ocrx_word' id='word_1_197' title='bbox 716 2790 779 2850; x_wconf 84' lang='lat' dir='ltr'><strong>lieri</strong></span> <span class='ocrx_word' id='word_1_198' title='bbox 794 2800 894 2869; x_wconf 91' lang='lat' dir='ltr'><strong>posset</strong></span> <span class='ocrx_word' id='word_1_199' title='bbox 910 2788 1105 2849; x_wconf 90' lang='lat' dir='ltr'><strong>consulerem.</strong></span> 
     </span>
     <span class='ocr_line' id='line_1_24' title="bbox 217 2874 1198 2955; baseline -0.001 -21"><span class='ocrx_word' id='word_1_200' title='bbox 217 2874 301 2935; x_wconf 86' lang='lat' dir='ltr'><strong>Haud</strong></span> <span class='ocrx_word' id='word_1_201' title='bbox 317 2875 407 2955; x_wconf 82' lang='lat' dir='ltr'><strong>igitur</strong></span> <span class='ocrx_word' id='word_1_202' title='bbox 421 2874 606 2954; x_wconf 85' lang='lat' dir='ltr'><strong>singulorum</strong></span> <span class='ocrx_word' id='word_1_203' title='bbox 623 2874 757 2935; x_wconf 92' lang='lat' dir='ltr'><strong>codicum</strong></span> <span class='ocrx_word' id='word_1_204' title='bbox 771 2875 866 2936; x_wconf 90' lang='lat' dir='ltr'><strong>varias</strong></span> <span class='ocrx_word' id='word_1_205' title='bbox 881 2874 1023 2935; x_wconf 89' lang='lat' dir='ltr'><strong>lectiones</strong></span> <span class='ocrx_word' id='word_1_206' title='bbox 1039 2874 1132 2948; x_wconf 86' lang='lat' dir='ltr'><strong>attuli,</strong></span> <span class='ocrx_word' id='word_1_207' title='bbox 1148 2874 1198 2935; x_wconf 91' lang='lat' dir='ltr'><strong>sed</strong></span> 
     </span>
     <span class='ocr_line' id='line_1_25' title="bbox 131 2958 1199 3040; baseline -0.001 -20"><span class='ocrx_word' id='word_1_208' title='bbox 131 2959 260 3021; x_wconf 90' lang='lat' dir='ltr'><strong>universi</strong></span> <span class='ocrx_word' id='word_1_209' title='bbox 275 2970 433 3040; x_wconf 87' lang='lat' dir='ltr'><strong>apparatus</strong></span> <span class='ocrx_word' id='word_1_210' title='bbox 444 2959 537 3020; x_wconf 91' lang='lat' dir='ltr'><strong>critici</strong></span> <span class='ocrx_word' id='word_1_211' title='bbox 550 2958 741 3021; x_wconf 90' lang='lat' dir='ltr'><strong>notabiliores</strong></span> <span class='ocrx_word' id='word_1_212' title='bbox 755 2961 844 3021; x_wconf 90' lang='lat' dir='ltr'><strong>modo</strong></span> <span class='ocrx_word' id='word_1_213' title='bbox 861 2960 1096 3031; x_wconf 85' lang='lat' dir='ltr'><strong>commemoravi,</strong></span> <span class='ocrx_word' id='word_1_214' title='bbox 1112 2978 1199 3038; x_wconf 89' lang='lat' dir='ltr'><strong>prae·</strong></span> 
     </span>
     <span class='ocr_line' id='line_1_26' title="bbox 131 3045 1199 3125; baseline 0.002 -21"><span class='ocrx_word' id='word_1_215' title='bbox 131 3045 218 3124; x_wconf 91' lang='lat' dir='ltr'><strong>cipue</strong></span> <span class='ocrx_word' id='word_1_216' title='bbox 234 3064 297 3120; x_wconf 90' lang='lat' dir='ltr'><strong>eas,</strong></span> <span class='ocrx_word' id='word_1_217' title='bbox 320 3064 395 3124; x_wconf 90' lang='lat' dir='ltr'><strong>quae</strong></span> <span class='ocrx_word' id='word_1_218' title='bbox 417 3045 452 3106; x_wconf 92' lang='lat' dir='ltr'><strong>ad</strong></span> <span class='ocrx_word' id='word_1_219' title='bbox 467 3055 572 3125; x_wconf 89' lang='lat' dir='ltr'><strong>poetae</strong></span> <span class='ocrx_word' id='word_1_220' title='bbox 587 3045 674 3105; x_wconf 88' lang='lat' dir='ltr'><strong>verba</strong></span> <span class='ocrx_word' id='word_1_221' title='bbox 689 3046 899 3108; x_wconf 87' lang='lat' dir='ltr'><strong>constituenda</strong></span> <span class='ocrx_word' id='word_1_222' title='bbox 914 3046 945 3106; x_wconf 93' lang='lat' dir='ltr'><strong>in</strong></span> <span class='ocrx_word' id='word_1_223' title='bbox 961 3064 1084 3106; x_wconf 90' lang='lat' dir='ltr'><strong>censum</strong></span> <span class='ocrx_word' id='word_1_224' title='bbox 1098 3045 1199 3106; x_wconf 90' lang='lat' dir='ltr'><strong>venire</strong></span> 
     </span>
     <span class='ocr_line' id='line_1_27' title="bbox 130 3131 1200 3212; baseline 0.002 -22"><span class='ocrx_word' id='word_1_225' title='bbox 130 3141 261 3210; x_wconf 88' lang='lat' dir='ltr'><strong>possent,</strong></span> <span class='ocrx_word' id='word_1_226' title='bbox 284 3141 371 3210; x_wconf 89' lang='lat' dir='ltr'><strong>atque</strong></span> <span class='ocrx_word' id='word_1_227' title='bbox 393 3133 449 3192; x_wconf 86' lang='lat' dir='ltr'><strong>hoc</strong></span> <span class='ocrx_word' id='word_1_228' title='bbox 472 3131 589 3211; x_wconf 91' lang='lat' dir='ltr'><strong>quidem</strong></span> <span class='ocrx_word' id='word_1_229' title='bbox 612 3132 666 3205; x_wconf 90' lang='lat' dir='ltr'><strong>ita,</strong></span> <span class='ocrx_word' id='word_1_230' title='bbox 688 3140 722 3192; x_wconf 89' lang='lat' dir='ltr'><strong>ut</strong></span> <span class='ocrx_word' id='word_1_231' title='bbox 742 3132 773 3192; x_wconf 96' lang='lat' dir='ltr'><strong>in</strong></span> <span class='ocrx_word' id='word_1_232' title='bbox 789 3132 914 3212; x_wconf 85' lang='lat' dir='ltr'><strong>singulis</strong></span> <span class='ocrx_word' id='word_1_233' title='bbox 929 3131 1002 3193; x_wconf 92' lang='lat' dir='ltr'><strong>locis</strong></span> <span class='ocrx_word' id='word_1_234' title='bbox 1019 3151 1078 3192; x_wconf 93' lang='lat' dir='ltr'><strong>non</strong></span> <span class='ocrx_word' id='word_1_235' title='bbox 1096 3150 1200 3192; x_wconf 90' lang='lat' dir='ltr'><strong>omnes</strong></span> 
     </span>
     <span class='ocr_line' id='line_1_28' title="bbox 132 3215 1199 3297; baseline 0.001 -22"><span class='ocrx_word' id='word_1_236' title='bbox 132 3215 343 3294; x_wconf 92' lang='lat' dir='ltr'><strong>discrepantias</strong></span> <span class='ocrx_word' id='word_1_237' title='bbox 359 3236 574 3297; x_wconf 87' lang='lat' dir='ltr'><strong>proponerem,</strong></span> <span class='ocrx_word' id='word_1_238' title='bbox 591 3217 642 3277; x_wconf 90' lang='lat' dir='ltr'><strong>sed</strong></span> <span class='ocrx_word' id='word_1_239' title='bbox 657 3217 831 3297; x_wconf 90' lang='lat' dir='ltr'><strong>plerumque</strong></span> <span class='ocrx_word' id='word_1_240' title='bbox 846 3226 926 3278; x_wconf 91' lang='lat' dir='ltr'><strong>certe</strong></span> <span class='ocrx_word' id='word_1_241' title='bbox 942 3236 991 3278; x_wconf 87' lang='lat' dir='ltr'><strong>eas</strong></span> <span class='ocrx_word' id='word_1_242' title='bbox 1005 3218 1108 3290; x_wconf 90' lang='lat' dir='ltr'><strong>modo,</strong></span> <span class='ocrx_word' id='word_1_243' title='bbox 1125 3235 1199 3295; x_wconf 91' lang='lat' dir='ltr'><strong>quae</strong></span> 
     </span>
     <span class='ocr_line' id='line_1_29' title="bbox 131 3301 1200 3381; baseline 0.002 -21"><span class='ocrx_word' id='word_1_244' title='bbox 131 3302 189 3362; x_wconf 91' lang='lat' dir='ltr'><strong>huc</strong></span> <span class='ocrx_word' id='word_1_245' title='bbox 204 3301 391 3381; x_wconf 87' lang='lat' dir='ltr'><strong>aliquatenus</strong></span> <span class='ocrx_word' id='word_1_246' title='bbox 411 3304 559 3376; x_wconf 86' lang='lat' dir='ltr'><strong>lacerent,</strong></span> <span class='ocrx_word' id='word_1_247' title='bbox 582 3321 637 3363; x_wconf 92' lang='lat' dir='ltr'><strong>nec</strong></span> <span class='ocrx_word' id='word_1_248' title='bbox 659 3303 845 3380; x_wconf 87' lang='lat' dir='ltr'><strong>singulorum</strong></span> <span class='ocrx_word' id='word_1_249' title='bbox 861 3302 996 3363; x_wconf 92' lang='lat' dir='ltr'><strong>codicum</strong></span> <span class='ocrx_word' id='word_1_250' title='bbox 1021 3302 1052 3362; x_wconf 96' lang='lat' dir='ltr'><strong>in</strong></span> <span class='ocrx_word' id='word_1_251' title='bbox 1076 3302 1200 3381; x_wconf 89' lang='lat' dir='ltr'><strong>singulis</strong></span> 
     </span>
     <span class='ocr_line' id='line_1_30' title="bbox 131 3387 1199 3466; baseline 0.003 -23"><span class='ocrx_word' id='word_1_252' title='bbox 131 3387 227 3448; x_wconf 88' lang='lat' dir='ltr'><strong>verbis</strong></span> <span class='ocrx_word' id='word_1_253' title='bbox 242 3387 407 3449; x_wconf 91' lang='lat' dir='ltr'><strong>scribendis</strong></span> <span class='ocrx_word' id='word_1_254' title='bbox 422 3406 539 3449; x_wconf 90' lang='lat' dir='ltr'><strong>errores</strong></span> <span class='ocrx_word' id='word_1_255' title='bbox 553 3388 705 3461; x_wconf 89' lang='lat' dir='ltr'><strong>adderem,</strong></span> <span class='ocrx_word' id='word_1_256' title='bbox 727 3389 777 3449; x_wconf 91' lang='lat' dir='ltr'><strong>sed</strong></span> <span class='ocrx_word' id='word_1_257' title='bbox 800 3388 948 3466; x_wconf 86' lang='lat' dir='ltr'><strong>vulgarem</strong></span> <span class='ocrx_word' id='word_1_258' title='bbox 971 3389 1034 3447; x_wconf 85' lang='lat' dir='ltr'><strong>lere</strong></span> <span class='ocrx_word' id='word_1_259' title='bbox 1050 3387 1199 3448; x_wconf 89' lang='lat' dir='ltr'><strong>scribendi</strong></span> 
     </span>
     <span class='ocr_line' id='line_1_31' title="bbox 131 3465 1199 3553; baseline 0.002 -23"><span class='ocrx_word' id='word_1_260' title='bbox 131 3472 275 3532; x_wconf 82' lang='lat' dir='ltr'><strong>rationem</strong></span> <span class='ocrx_word' id='word_1_261' title='bbox 291 3474 435 3534; x_wconf 81' lang='lat' dir='ltr'><strong>afferrem.</strong></span> <span class='ocrx_word' id='word_1_262' title='bbox 468 3474 566 3534; x_wconf 85' lang='lat' dir='ltr'><strong>Varias</strong></span> <span class='ocrx_word' id='word_1_263' title='bbox 582 3474 633 3535; x_wconf 92' lang='lat' dir='ltr'><strong>has</strong></span> <span class='ocrx_word' id='word_1_264' title='bbox 649 3473 804 3547; x_wconf 89' lang='lat' dir='ltr'><strong>lectiones,</strong></span> <span class='ocrx_word' id='word_1_265' title='bbox 826 3473 878 3534; x_wconf 95' lang='lat' dir='ltr'><strong>ubi</strong></span> <span class='ocrx_word' id='word_1_266' title='bbox 894 3465 973 3534; x_wconf 92' lang='lat' dir='ltr'><strong>solae</strong></span> <span class='ocrx_word' id='word_1_267' title='bbox 987 3473 1199 3553; x_wconf 91' lang='lat' dir='ltr'><strong>proponeban-</strong></span> 
     </span>
     <span class='ocr_line' id='line_1_32' title="bbox 132 3557 1199 3637; baseline 0.001 -22"><span class='ocrx_word' id='word_1_268' title='bbox 132 3568 196 3630; x_wconf 81' lang='lat' dir='ltr'><strong>tur,</strong></span> <span class='ocrx_word' id='word_1_269' title='bbox 213 3558 292 3618; x_wconf 92' lang='lat' dir='ltr'><strong>nulla</strong></span> <span class='ocrx_word' id='word_1_270' title='bbox 308 3558 379 3636; x_wconf 87' lang='lat' dir='ltr'><strong>sigla</strong></span> <span class='ocrx_word' id='word_1_271' title='bbox 394 3558 536 3630; x_wconf 88' lang='lat' dir='ltr'><strong>instruxi,</strong></span> <span class='ocrx_word' id='word_1_272' title='bbox 558 3557 608 3617; x_wconf 94' lang='lat' dir='ltr'><strong>ubi</strong></span> <span class='ocrx_word' id='word_1_273' title='bbox 630 3559 702 3619; x_wconf 92' lang='lat' dir='ltr'><strong>aliae</strong></span> <span class='ocrx_word' id='word_1_274' title='bbox 717 3558 915 3630; x_wconf 89' lang='lat' dir='ltr'><strong>addebantur,</strong></span> <span class='ocrx_word' id='word_1_275' title='bbox 934 3578 950 3619; x_wconf 94' lang='lat' dir='ltr'><strong>a</strong></span> <span class='ocrx_word' id='word_1_276' title='bbox 966 3559 1074 3637; x_wconf 93' lang='lat' dir='ltr'><strong>quibus</strong></span> <span class='ocrx_word' id='word_1_277' title='bbox 1088 3558 1199 3618; x_wconf 87' lang='lat' dir='ltr'><strong>discer-</strong></span> 
     </span>
     <span class='ocr_line' id='line_1_33' title="bbox 132 3641 1199 3722; baseline 0.003 -22"><span class='ocrx_word' id='word_1_278' title='bbox 132 3643 247 3704; x_wconf 86' lang='lat' dir='ltr'><strong>nendae</strong></span> <span class='ocrx_word' id='word_1_279' title='bbox 262 3652 362 3718; x_wconf 90' lang='lat' dir='ltr'><strong>erant,</strong></span> <span class='ocrx_word' id='word_1_280' title='bbox 378 3643 474 3703; x_wconf 89' lang='lat' dir='ltr'><strong>littera</strong></span> <span class='ocrx_word' id='word_1_281' title='bbox 488 3661 522 3716; x_wconf 87' lang='lat' dir='ltr'><strong>o;</strong></span> <span class='ocrx_word' id='word_1_282' title='bbox 538 3641 696 3715; x_wconf 91' lang='lat' dir='ltr'><strong>lectiones,</strong></span> <span class='ocrx_word' id='word_1_283' title='bbox 713 3663 788 3722; x_wconf 89' lang='lat' dir='ltr'><strong>quae</strong></span> <span class='ocrx_word' id='word_1_284' title='bbox 803 3644 889 3704; x_wconf 92' lang='lat' dir='ltr'><strong>etiam</strong></span> <span class='ocrx_word' id='word_1_285' title='bbox 906 3643 1101 3716; x_wconf 86' lang='lat' dir='ltr'><strong>scholiorum,</strong></span> <span class='ocrx_word' id='word_1_286' title='bbox 1118 3662 1199 3703; x_wconf 96' lang='lat' dir='ltr'><strong>com·</strong></span> 
     </span>
     <span class='ocr_line' id='line_1_34' title="bbox 132 3728 1199 3802; baseline 0.002 -17"><span class='ocrx_word' id='word_1_287' title='bbox 132 3729 393 3802; x_wconf 87' lang='lat' dir='ltr'><strong>memorationum,</strong></span> <span class='ocrx_word' id='word_1_288' title='bbox 414 3728 610 3789; x_wconf 84' lang='lat' dir='ltr'><strong>imitationum</strong></span> <span class='ocrx_word' id='word_1_289' title='bbox 631 3729 745 3789; x_wconf 90' lang='lat' dir='ltr'><strong>ratione</strong></span> <span class='ocrx_word' id='word_1_290' title='bbox 768 3729 865 3790; x_wconf 89' lang='lat' dir='ltr'><strong>habita</strong></span> <span class='ocrx_word' id='word_1_291' title='bbox 888 3729 1004 3789; x_wconf 92' lang='lat' dir='ltr'><strong>minore</strong></span> <span class='ocrx_word' id='word_1_292' title='bbox 1026 3728 1199 3789; x_wconf 87' lang='lat' dir='ltr'><strong>auctoritate</strong></span> 
     </span>
     <span class='ocr_line' id='line_1_35' title="bbox 133 3812 1197 3895; baseline 0 -22"><span class='ocrx_word' id='word_1_293' title='bbox 133 3831 219 3890; x_wconf 92' lang='lat' dir='ltr'><strong>quam</strong></span> <span class='ocrx_word' id='word_1_294' title='bbox 241 3814 307 3874; x_wconf 93' lang='lat' dir='ltr'><strong>illae</strong></span> <span class='ocrx_word' id='word_1_295' title='bbox 322 3814 394 3874; x_wconf 94' lang='lat' dir='ltr'><strong>mihi</strong></span> <span class='ocrx_word' id='word_1_296' title='bbox 410 3814 574 3875; x_wconf 91' lang='lat' dir='ltr'><strong>censendae</strong></span> <span class='ocrx_word' id='word_1_297' title='bbox 590 3833 655 3875; x_wconf 89' lang='lat' dir='ltr'><strong>esse</strong></span> <span class='ocrx_word' id='word_1_298' title='bbox 669 3814 859 3889; x_wconf 88' lang='lat' dir='ltr'><strong>videbantur,</strong></span> <span class='ocrx_word' id='word_1_299' title='bbox 882 3812 925 3895; x_wconf 88' lang='lat' dir='ltr'><strong>(o)</strong></span> <span class='ocrx_word' id='word_1_300' title='bbox 939 3813 1067 3892; x_wconf 88' lang='lat' dir='ltr'><strong>signavi,</strong></span> <span class='ocrx_word' id='word_1_301' title='bbox 1095 3831 1152 3892; x_wconf 93' lang='lat' dir='ltr'><strong>qua</strong></span> <span class='ocrx_word' id='word_1_302' title='bbox 1168 3814 1197 3873; x_wconf 94' lang='lat' dir='ltr'><strong>in</strong></span> 
     </span>
     <span class='ocr_line' id='line_1_36' title="bbox 132 3898 1204 3978; baseline -0.001 -22"><span class='ocrx_word' id='word_1_303' title='bbox 132 3915 164 3959; x_wconf 90' lang='lat' dir='ltr'><strong>re</strong></span> <span class='ocrx_word' id='word_1_304' title='bbox 179 3917 251 3960; x_wconf 90' lang='lat' dir='ltr'><strong>sane</strong></span> <span class='ocrx_word' id='word_1_305' title='bbox 266 3899 407 3960; x_wconf 91' lang='lat' dir='ltr'><strong>iudicium</strong></span> <span class='ocrx_word' id='word_1_306' title='bbox 422 3900 493 3960; x_wconf 89' lang='lat' dir='ltr'><strong>satis</strong></span> <span class='ocrx_word' id='word_1_307' title='bbox 508 3898 654 3960; x_wconf 90' lang='lat' dir='ltr'><strong>lubricum</strong></span> <span class='ocrx_word' id='word_1_308' title='bbox 671 3919 735 3960; x_wconf 90' lang='lat' dir='ltr'><strong>esse</strong></span> <span class='ocrx_word' id='word_1_309' title='bbox 751 3919 813 3961; x_wconf 94' lang='lat' dir='ltr'><strong>non</strong></span> <span class='ocrx_word' id='word_1_310' title='bbox 829 3900 944 3978; x_wconf 89' lang='lat' dir='ltr'><strong>ignoro.</strong></span> <span class='ocrx_word' id='word_1_311' title='bbox 976 3899 1099 3978; x_wconf 90' lang='lat' dir='ltr'><strong>Saepius</strong></span> <span class='ocrx_word' id='word_1_312' title='bbox 1114 3909 1204 3959; x_wconf 82' lang='lat' dir='ltr'><strong>notas</strong></span> 
     </span>
    </p>
   </div>
   <div class='ocr_carea' id='block_1_2' title="bbox 0 0 1338 4448">
    <p class='ocr_par' dir='ltr' id='par_1_8' title="bbox 0 0 1338 4448">
     <span class='ocr_line' id='line_1_37' title="bbox 0 0 1338 4448; baseline 0 0"><span class='ocrx_word' id='word_1_313' title='bbox 0 0 1338 4448; x_wconf 95' lang='lat' dir='ltr'><strong> </strong></span> 
     </span>
    </p>
   </div>
  </div>
 </body>
</html>
