2656 4448
542 235 769 289 3331333333
788 240 811 292 8.

219 409 257 469 Ut
280 410 376 482 modo,
399 408 423 469 si
445 408 574 487 patinam
599 408 673 486 pede
695 408 794 487 lapsus
817 410 932 488 frangat
956 429 1055 489 agaso,

224 493 280 554 Sed
302 494 505 564 convivatoris,
528 493 571 552 uti
594 494 686 564 ducis,
709 494 861 571 ingenium
885 514 933 557 res

219 577 363 640 Advorsae
385 578 497 639 nudare
520 578 626 645 solent,
649 578 744 638 celare
766 574 942 640 secundae.''

222 663 397 725 Nasidienus
420 663 455 723 ad
477 664 550 723 haec
569 654 647 722 “tibi
670 664 709 737 di,
733 682 938 743 quaecumque
960 667 1100 744 preceris,

218 748 377 810 Commoda
399 750 479 818 dent,
502 748 540 808 ita
564 747 607 807 vir
629 746 727 808 bonus
749 768 780 810 es
802 750 983 829 convivaque
1006 747 1131 826 comis,”

217 833 255 894 Et
277 834 372 895 soleas
393 835 497 912 poscit.
541 832 615 892 Tum
640 833 668 892 13
694 834 769 894 13313
792 853 910 912 qnoque
933 836 1048 898 videres

218 918 348 979 Stridore
369 927 482 979 secreta
506 917 612 978 divisos
634 935 705 978 anre
728 913 883 980 susurros?

218 1003 320 1065 Nullos
342 1003 388 1064 his
410 1003 525 1063 mallem
547 1002 633 1062 ludos
655 1013 819 1081 spectasse;
844 1005 895 1065 sed
918 1006 964 1066 illa

220 1089 331 1161 Redde,
353 1107 416 1166 age,
439 1106 515 1166 quae
537 1087 677 1166 deinceps
700 1088 797 1150 risisti.
830 1082 977 1152 ‘Vibidius
1000 1090 1070 1150 dum

219 1173 342 1244 Quaerit
363 1173 398 1233 de
421 1172 531 1250 pueris,
556 1191 627 1232 num
649 1172 687 1232 sit
709 1192 828 1252 quoque
850 1176 941 1235 fracta
965 1176 1098 1255 lagoena,

217 1258 304 1329 Quod
325 1257 380 1318 sibi
402 1257 536 1337 poscenti
561 1276 621 1317 non
644 1258 752 1319 dantur
776 1259 890 1337 pocula,
915 1260 1045 1339 dumque

216 1343 343 1403 Ridetur
363 1343 439 1403 fictis
461 1361 559 1402 rerum
583 1342 739 1404 Balatrone
762 1344 902 1415 secundo,

220 1427 385 1502 Nasidiene,
407 1427 486 1488 redis
507 1437 635 1488 mutatae
658 1430 775 1500 frontis,
799 1439 832 1488 31
854 1439 916 1490 3313

219 1512 438 1574 Emendaturus
460 1514 624 1588 fortunam3
648 1513 754 1573 deinde
776 1515 870 1574 secuti

215 1598 389 1659 Mazonomo
411 1598 496 1677 pueri
519 1617 627 1678 magno
650 1598 795 1677 discerpta
817 1599 948 1660 ferentes

216 1683 347 1744 Membra
369 1685 451 1762 gruis
473 1683 567 1763 sparsi
589 1683 648 1743 sale
670 1683 772 1756 multo,
796 1703 857 1744 non
880 1686 944 1746 3133
967 1685 1052 1755 farre,

215 1769 378 1847 Pinguibus
401 1780 429 1829 et
451 1769 514 1829 ficis
535 1776 650 1847 pastum
673 1769 756 1829 iecur
777 1770 889 1831 anseris
910 1769 992 1829 albae

215 1853 253 1913 Et
274 1855 410 1934 leporum
433 1854 557 1923 avulsos,
581 1862 614 1913 ut
635 1854 727 1915 multo
750 1855 876 1924 suavius,
900 1872 1006 1923 armos,

215 1938 309 2009 Quam
332 1940 356 2000 si
379 1957 446 1999 cum
469 1938 576 1999 lumbis
599 1939 665 2016 quis
688 1939 755 1999 edit.
800 1939 874 1999 Tum
898 1948 1018 2017 pectore
1040 1941 1144 2001 adusto

215 2023 347 2085 Vidimus
369 2032 398 2083 et
419 2023 547 2084 merulas
569 2024 641 2101 poni
665 2034 694 2083 et
716 2024 781 2084 sine
803 2024 891 2084 clune
912 2023 1065 2103 palumbis,

214 2107 318 2169 Suavis
340 2127 398 2181 res,
421 2109 445 2169 31
468 2127 528 2168 333
552 2126 654 2168 causas
676 2119 810 2168 narraret
833 2126 932 2169 earum
956 2117 985 2168 et

217 2191 344 2254 Naturas
366 2193 513 2265 dominus,
536 2211 623 2271 quem
648 2211 703 2253 nos
726 2193 768 2253 sic
789 2194 919 2272 fugimus
941 2194 1003 2265 ulti,

214 2276 252 2337 Ut
275 2278 493 2338 nihilomnino
516 2287 710 2356 gustaremus,
733 2278 812 2338 velut
836 2278 892 2340 illis

128 2371 157 2422 95
216 2361 335 2424 Canidia
357 2363 496 2454 addasset·
512 2363 598 2442 peior
619 2365 808 2442 serpentibus
830 2353 924 2424 Afris?

127 2481 335 2494 ’,Ἥ

214 2545 266 2599 Vlll
285 2565 309 2601 3.
329 2551 359 2600 75
379 2548 490 2614 precaris
506 2548 509 2614 Ι
526 2549 558 2600 82
577 2548 736 2613 1133133188
755 2547 838 2610 albae]
856 2547 893 2598 13⁰
909 2549 958 2611 lul:
976 2547 1028 2598 albi
1044 2547 1096 2613 195
1117 2548 1179 2600 atris
