2656 4448
204 217 264 276 188

202 403 230 453 tt

568 219 798 273 EPISTULARUM
816 223 867 276 12.
886 225 910 276 3.

289 392 334 453 lre
357 393 430 454 viam
455 410 511 471 qua
535 403 680 454 monstret
703 411 809 473 eques;
832 395 992 467 venaticus,
1015 413 1051 456 ex
1074 415 1133 474 quo

288 477 436 557 Tempore
458 478 605 539 cervinam
629 478 736 558 pellem
758 479 873 539 latravit
894 480 924 539 in
948 480 1021 553 aula,

289 563 392 624 Militat
414 563 443 624 iu
468 563 546 624 silvis
569 563 692 624 catulus.
737 564 823 624 Nunc
844 563 951 624 adhibe
973 583 1049 643 puro

289 648 412 710 Pectore
435 648 532 720 verba,
556 667 640 727 puer,
664 666 746 709 nunc
768 658 797 709 te
820 649 991 710 melioribus
1014 651 1103 711 oller:

288 733 353 804 Quo
376 733 467 794 semel
490 742 534 794 est
556 733 667 794 imbuta
690 752 795 794 recens
817 734 944 795 servabit
965 736 1087 796 odorem

288 818 373 879 Testa
397 818 455 877 diu.
501 818 612 889 Quodsi
635 837 732 880 cessas
754 829 804 879 aut
826 827 965 880 strenuus
988 821 1091 893 autem,

288 903 347 963 Nec
369 904 483 964 tardum
508 904 649 982 opperior
671 923 726 963 nec
749 904 996 982 praecedentibus
1018 906 1107 967 iusto.

717 1207 757 1268 Ill

288 1327 343 1387 luli
366 1326 463 1399 Flore,
488 1326 595 1405 quibus
617 1335 762 1387 terrarum
785 1327 889 1387 militet
911 1327 970 1388 oris

288 1412 425 1473 Claudius
447 1411 570 1489 Augusti
594 1412 755 1491 privignus,
778 1412 853 1473 scire
874 1410 986 1472 laboro.

287 1497 440 1558 Thracane
463 1516 515 1557 vos
538 1496 714 1576 Hebrusque
737 1497 825 1557 nivali
847 1496 989 1576 compede
1012 1498 1128 1560 vinctus

287 1587 332 1643 An
356 1584 430 1643 lreta
452 1582 563 1643 vicinas
586 1582 665 1642 inter
687 1583 838 1642 currentia
859 1583 949 1644 turris

287 1672 332 1729 An
357 1669 484 1747 pingues
505 1667 590 1728 Asiae
612 1668 707 1746 campi
731 1666 879 1745 collesque
901 1665 1077 1728 morantur?

287 1752 363 1823 Quid
385 1753 515 1814 studiosa
538 1753 645 1813 cohors
668 1770 791 1831 operum
808 1749 916 1813 struitl
933 1786 945 1796 -
961 1753 1020 1812 boc
1036 1771 1156 1832 quoque
1172 1773 1244 1815 curo
1259 1787 1275 1799 -

286 1838 358 1908 Quis
380 1838 436 1900 sihi
459 1856 506 1898 res
529 1846 625 1915 gestas
647 1838 771 1916 Augusti
793 1838 923 1897 scrihere
945 1834 1055 1898 sumit?

287 1923 366 1984 bella
389 1923 454 2002 quis
477 1932 506 1982 et
528 1940 617 2000 paces
639 1923 761 2000 longum
785 1922 921 1982 dilluudit
944 1923 974 1983 iu
997 1921 1123 1983 aevum?

287 2008 362 2079 Quid
386 2008 481 2068 Titius
504 2007 636 2067 Romana
659 2007 741 2067 brevi
763 2019 905 2067 venturus
927 2007 957 2067 in
982 2025 1043 2079 ora,

288 2093 436 2153 Pindarici
458 2091 549 2152 lontis
572 2092 622 2168 qui
647 2111 707 2151 nou
732 2092 871 2172 expalluit
895 2093 1025 2166 haustus,

287 2178 429 2238 Fastidire
452 2177 531 2236 lacus
554 2186 582 2235 et
605 2177 681 2237 rivos
704 2196 792 2238 ausus
815 2175 957 2256 apertos?

286 2263 325 2322 Ut
346 2258 442 2323 valeti
466 2269 499 2320 ut
520 2261 655 2321 meminit
678 2260 793 2322 nostri‘.l
816 2263 962 2322 fidibusne
985 2262 1097 2322 Latinis

287 2347 445 2408 Thebanos
467 2354 567 2425 aptare
589 2347 692 2407 modos
715 2348 813 2408 studet
835 2348 954 2426 auspice
977 2347 1057 2408 Musa

286 2435 331 2494 An
355 2432 465 2511 tragica
487 2433 614 2492 desaevit
636 2441 665 2492 et
687 2432 864 2512 ampullatur
885 2433 915 2492 iu
939 2430 1022 2493 arte‘l

286 2518 362 2590 Quid
385 2518 457 2577 mihi
474 2517 575 2578 Celsus
591 2515 670 2593 agit‘l
683 2518 824 2578 -monitus
839 2518 1024 2596 multumque
1040 2518 1219 2591 monendus,

287 2604 416 2664 Privatas
438 2612 472 2662 ut
494 2612 616 2680 quaerat
639 2622 710 2681 opes
733 2613 763 2663 et
785 2614 906 2681 tangere
929 2603 999 2662 vitet

287 2690 403 2767 Scripta
426 2688 575 2748 Palatinus
599 2706 802 2766 quaecumque
824 2688 937 2766 recepit
959 2687 1076 2766 Apollo,

286 2773 339 2846 Ne,
362 2774 386 2834 si
409 2774 486 2833 lorte
508 2791 576 2833 suas
598 2774 756 2851 repetitum
780 2773 894 2833 venerit
917 2772 986 2832 olim

288 2857 364 2918 Grex
388 2858 483 2918 avium
505 2858 631 2936 plumas,
656 2868 769 2919 moveat
791 2858 943 2919 cornicula
966 2859 1057 2918 risum

287 2942 413 3004 Furtivis
437 2943 544 3003 nudata
569 2942 726 3004 coloribus.
772 2944 838 3023 Ipse
861 2943 930 3021 quid
954 2939 1064 3003 audes?

287 3027 369 3098 Quae
392 3028 606 3089 circumvolitas
628 3029 711 3106 agilis
733 3026 853 3107 thyma?
878 3047 939 3089 nou
963 3027 1017 3089 tibi
1038 3045 1161 3106 parvum

287 3112 455 3191 Ingenium,
479 3132 541 3174 uon
564 3113 708 3173 incultum
733 3124 777 3174 est
799 3123 828 3174 et
849 3115 975 3192 turpiter
997 3113 1125 3184 hirtum;

287 3198 346 3258 Seu
369 3198 499 3277 linguam
524 3199 619 3259 causis
642 3199 722 3259 acuis
744 3218 796 3259 seu
820 3198 910 3259 civica
932 3199 995 3259 iura

288 3283 480 3360 Respondere
503 3301 589 3361 paras
611 3303 664 3344 seu
687 3283 791 3345 condis
814 3284 936 3344 amabile
960 3301 1089 3353 carmen,

278 3367 385 3428 'Prima
407 3369 484 3428 leres
506 3369 631 3428 hederae
654 3368 780 3429 victricis
802 3369 940 3447 praemia.
986 3368 1096 3439 Quodsi

286 3452 402 3531 Frigida
426 3471 563 3513 curarum
586 3455 716 3514 lementa
739 3453 907 3531 relinquere
930 3473 1043 3532 posses,

286 3704 305 3755 ll
322 3721 347 3759 o.
367 3706 399 3758 65
418 3709 478 3773 qua]
497 3707 543 3770 (elz
562 3721 638 3772 quam
654 3707 657 3769 l
673 3708 706 3759 66
724 3706 845 3758 laceravit
863 3707 899 3770 (u)

285 3772 316 3823 lll
333 3789 357 3826 v.
376 3776 393 3825 4
410 3778 491 3826 terras
502 3774 540 3825 B⁰
552 3775 587 3837 (v)
603 3777 607 3839 Ι
623 3778 638 3827 9
651 3773 736 3834 Quid?
754 3773 983 3840 Titius-opertos,
994 3771 1151 3823 Ribbeokv‘us
1163 3773 1273 3820 auctore

201 3840 315 3906 Halmio,
333 3841 365 3892 de
384 3859 436 3907 quo
453 3858 507 3893 non
526 3845 593 3892 eolis
611 3847 738 3894 accurate
755 3846 784 3892 in
802 3842 863 3893 adu.
882 3838 967 3903 refert
988 3846 992 3906 Ι
1016 3844 1044 3894 10
1063 3837 1124 3891 nuni
1141 3827 1272 3889 ‘haustu'l

200 3909 295 3975 Por-pb.
312 3909 316 3974 Ι
333 3911 365 3961 22
384 3912 419 3973 ct]
437 3926 484 3962 uec
502 3912 537 3973 (ul
