2656 4448
188 216 251 276 224
568 219 799 272 EPISTULARUM
816 221 836 273 ll
855 224 878 274 2.

272 391 414 472 Emptum
437 402 523 453 cenat
545 392 640 466 bolus,
664 393 795 471 quamvis
817 392 902 454 aliter
923 404 1016 472 putat,
1040 397 1148 476 emptis

275 477 337 538 Sub
361 488 479 540 noctem
501 478 625 557 gelidam
647 477 736 557 lignis
759 476 911 538 calefactat
933 497 1056 554 aenum3

192 573 233 623 tto
276 563 334 623 Sed
355 573 439 624 vocat
462 581 556 642 usque
580 581 676 638 suum,
700 581 758 641 qua
781 563 909 643 populus
932 564 1022 625 adsita
1045 567 1135 628 certis

275 647 432 709 Limitibus
454 649 548 709 vicina
572 649 681 728 refugit
702 647 807 726 iurgia,
828 657 978 726 tamquam

275 731 319 792 Sit
341 735 496 813 proprium
519 733 687 813 quicquam,
710 741 822 812 puncto
845 733 924 812 quod
947 733 1063 796 mobilis
1086 736 1178 799 borae

275 817 361 878 Nunc
384 837 484 898 prece,
507 836 589 878 nunc
611 818 717 898 pretio,
741 836 822 879 nunc
843 819 880 892 vi,
904 837 986 880 nunc
1008 831 1104 882 morte
1124 840 1267 902 suprema

277 901 428 965 Permutat
449 904 585 964 dominos
607 912 637 964 et
658 904 742 963 cedat
763 903 792 963 in
817 903 907 964 altera
930 905 1002 969 iura.

189 997 232 1047 111
276 988 325 1048 Sic
348 990 415 1067 quia
439 997 600 1069 perpetuus
623 988 805 1059 nullidatur
827 1007 898 1050 usus
920 989 1057 1051 etheree

274 1071 419 1134 Heredem
444 1073 565 1134 alternis
586 1073 666 1133 velut
688 1075 766 1134 unda
788 1074 959 1153 supervenit
982 1075 1103 1149 undam,

225 1206 228 1213 ,
278 1157 354 1226 Qtiid
378 1159 433 1219 vici
457 1167 584 1237 prosunt
605 1168 655 1218 aut
677 1156 805 1219 borrea‘l
829 1158 933 1236 quidve
957 1158 1087 1221 Calabris

275 1241 403 1304 Saltibus
425 1244 530 1303 adiecti
552 1243 673 1316 Lucani,
697 1244 721 1304 si
744 1243 824 1304 metit
848 1243 944 1304 Orcus

275 1326 403 1393 Grandia
427 1346 495 1389 cum
519 1329 624 1407 parvis,
648 1348 708 1388 non
732 1327 890 1389 exorabilis
913 1325 1008 1389 auro‘l

190 1423 231 1473 111
274 1411 421 1486 Gemmas,
444 1432 583 1486 marmor,
606 1414 689 1485 ebur,
713 1413 865 1493 Tyrrhena
888 1413 989 1492 sigilla,
1012 1414 1144 1488 tabellas,

274 1501 446 1576 Argentum,
468 1499 556 1560 vestis
578 1498 700 1559 Gaetulo
724 1499 837 1559 murice
858 1498 965 1558 tinctas

276 1583 352 1645 Sunt
374 1586 425 1663 qui
449 1603 509 1645 non
533 1583 670 1657 babeant,
693 1584 808 1662 estqui
832 1603 893 1644 non
918 1594 1002 1644 curat
1023 1582 1141 1645 habere.

276 1669 335 1729 Cur
357 1671 431 1731 alter
453 1670 576 1730 fratrum
599 1687 715 1730 cessare
738 1677 766 1730 et
788 1668 890 1729 ludere
913 1679 942 1729 et
965 1669 1035 1746 ungi

274 1753 423 1816 Praeferat
446 1754 571 1815 Herodis
593 1754 728 1833 palmetis
750 1753 919 1832 pinguibus,
943 1753 1016 1814 alter

188 1849 230 1900 185
273 1839 359 1901 Dives
381 1850 409 1900 et
432 1840 621 1919 importunus
642 1841 676 1901 ad
700 1839 833 1900 umbram
856 1839 931 1899 lucis
953 1838 989 1899 ab
1013 1849 1079 1900 ortu

275 1924 444 1986 Silvestrem
468 1925 592 1985 flammis
615 1935 643 1985 et
665 1927 745 1985 ferro
768 1924 882 2002 mitiget
905 1941 1017 2002 agrum,

275 2010 337 2070 Scit
359 2009 481 2081 Genius,
505 2010 601 2070 natale
624 2028 723 2070 comes
747 2010 796 2087 qui
819 2018 964 2087 temperat
986 2016 1108 2081 astrum,

276 2095 402 2155 Naturae
424 2093 497 2153 deus
519 2094 676 2165 humanae,
700 2094 830 2153 mortalis
852 2094 881 2152 in
908 2112 998 2153 unum

276 2177 421 2254 Quodque
444 2188 542 2257 caput,
564 2177 643 2238 voltu
666 2176 824 2249 mutabilis,
846 2177 930 2237 albus
953 2187 983 2238 et
1005 2187 1075 2238 ater.

191 2274 232 2324 190
276 2263 347 2323 Utar
370 2274 399 2323 et
421 2282 456 2323 ex
478 2262 594 2322 modico
617 2271 761 2341 quantum
784 2280 833 2324 res
855 2272 958 2341 poscet
981 2281 1085 2323 acervo

275 2348 388 2408 Tollam
412 2366 468 2409 nec
491 2358 629 2422 metuam,
652 2348 721 2427 quid
745 2349 780 2408 de
803 2365 851 2407 me
874 2347 984 2408 iudicet
1006 2348 1102 2417 heres,

276 2433 362 2505 Quod
387 2453 447 2494 non
472 2433 556 2513 plura
579 2434 654 2495 datis
676 2433 832 2507 invenerit,
856 2442 1003 2494 ettamen
1027 2431 1103 2492 idem

277 2520 359 2580 Scire
381 2519 486 2595 volam,
510 2528 653 2598 quantum
676 2519 799 2598 simplex
822 2518 981 2596 hilarisque
1003 2519 1105 2596 nepoti

275 2605 430 2683 lliscrepet
452 2613 481 2665 et
504 2613 648 2682 quantum
672 2604 819 2665 discordet
841 2621 947 2682 parcus
970 2621 1064 2662 avaro.

191 2700 233 2750 191
276 2690 370 2750 Distat
391 2689 480 2763 enim,
503 2708 623 2768 spargas
637 2698 686 2750 tua
702 2689 843 2768 prodigus
858 2706 895 2748 an
912 2706 1010 2766 neque
1025 2696 1176 2767 sumptum

275 2774 387 2834 Invitus
410 2775 498 2835 facias
521 2793 619 2852 neque
640 2775 725 2853 plura
748 2791 851 2853 parare
874 2773 999 2843 labores

277 2863 318 2919 dc
340 2860 448 2939 potius,
472 2877 548 2939 puer
570 2868 602 2920 ut
624 2860 705 2920 festis
728 2859 964 2937 Quinquatribus
987 2858 1066 2929 olim,

276 2943 390 3023 Exiguo
414 2953 557 3023 gratoque
580 2945 686 3006 fruaris
709 2954 843 3023 tempore
864 2944 981 3023 raptim.

278 3029 437 3108 Pauperies
461 3030 604 3090 inmunda
627 3031 732 3090 domus
753 3029 858 3108 procul
880 3029 970 3103 absit3
994 3046 1048 3106 ego
1072 3036 1171 3087 utrum

191 3125 235 3174 200
278 3115 356 3174 Nave
379 3116 457 3174 ferar
480 3133 585 3194 magna
609 3133 645 3175 an
669 3133 766 3195 parva,
790 3116 869 3174 ferar
890 3133 969 3175 unus
992 3123 1021 3172 et
1043 3112 1129 3173 idem.

277 3199 341 3259 Non
367 3199 481 3277 agimur
503 3200 623 3261 tumidis
645 3201 715 3261 velis
737 3199 884 3278 Aquilone
907 3198 1047 3269 secundo,

276 3284 340 3344 Non
365 3291 462 3346 tameo
487 3286 616 3346 adversis
638 3295 762 3348 aetatem
785 3284 920 3345 ducimus
942 3285 1067 3356 Austris,

277 3368 405 3444 Viribus,
430 3370 560 3448 iugenio,
583 3371 692 3448 specie,
715 3372 831 3444 virtute,
853 3370 929 3443 loco,
953 3387 986 3430 re

277 3639 296 3690 ll
314 3656 338 3690 v.
358 3642 403 3692 171
426 3636 509 3703 refigit
527 3639 562 3702 (o)
584 3638 588 3706 Ι
611 3642 659 3691 175
677 3637 723 3703 sic]
742 3639 791 3703 (elz
810 3639 831 3691 si
850 3639 928 3692 used
947 3640 983 3702 to)
1000 3640 1004 3703 Ι
1021 3639 1068 3691 tta
1081 3653 1119 3703 sq,
1139 3636 1265 3688 humanae

193 3708 316 3768 mortalis,
335 3708 360 3758 in
380 3722 457 3758 unum
477 3706 597 3773 quodque
616 3712 693 3773 caput
711 3707 783 3758 voltu
795 3707 999 3759 Doederleiniuc
1015 3708 1018 3769 l
1036 3709 1083 3759 190
1102 3704 1265 3772 1111111121.

192 3777 284 3843 poscit)
303 3778 343 3825 bis
361 3776 435 3828 codd.
454 3776 552 3840 Por-pb.
580 3779 583 3836 Ι
613 3778 661 3829 199
683 3775 772 3843 procul
796 3775 886 3828 domus
909 3776 976 3827 absit
999 3777 1035 3837 (ul
1060 3771 1148 3841 procul
1173 3774 1264 3838 procul

193 3845 260 3895 absit
278 3847 312 3910 (o)
331 3844 421 3896 doinus
440 3843 529 3910 procul
548 3846 583 3909 (u)
602 3844 691 3911 procul
710 3845 759 3909 (o);
784 3850 844 3895 eret
865 3859 922 3895 11111
943 3845 974 3895 de
991 3844 1060 3894 utiua
1082 3840 1170 3908 procul
1196 3840 1266 3893 absit

193 3916 339 3976 cogitarem
357 3911 392 3974 cf.
411 3916 501 3964 tomen
519 3911 586 3965 Stat.
606 3912 671 3966 Silo.
690 3912 719 3964 lll
737 3916 761 3976 4,
781 3914 813 3966 33
825 3929 863 3978 sq.
