2656 4448
131 220 194 280 204

128 490 157 540 40

507 221 738 275 EPISTULARUM
756 222 766 275 1
786 225 826 276 16.

215 394 318 456 Falsus
340 396 439 456 honor
461 395 537 456 iuvat
561 404 590 455 et.
612 393 737 455 mendax
759 395 878 455 infamia
903 404 994 455 terret

216 480 310 551 Quem
335 480 391 541 nisi
413 479 588 541 mendosum
612 489 641 540 et
664 477 893 540 medicandum?
915 480 959 540 vir
981 479 1078 543 bonus

895 573 938 626 est
961 563 1050 643 quis?

211 643 283 721 ‘Qui
306 650 440 710 consulta
463 659 591 729 patrum,
615 649 665 728 qui
687 650 767 728 leges
789 649 913 727 iuraque
935 660 1044 724 servat,

215 734 281 805 Quo
304 735 414 796 multae
436 753 621 814 magnaeque
643 743 782 796 secantur
803 734 900 795 iudice
922 734 997 808 lites,

215 819 281 890 Quo
304 838 352 881 res
374 839 520 899 sponsore
543 830 574 881 et
595 839 654 898 quo
677 837 781 880 causae
804 827 879 880 teste
902 814 1062 881 tenentur.²

216 905 274 965 Sed
296 905 374 965 videt
395 906 476 966 hunc
499 905 596 966 omnis
618 906 723 966 domus
745 915 775 964 et
796 904 901 965 vicinia
924 913 985 966 tota
1067 970 1070 979 ,

144 1001 154 1014 ’
214 989 414 1052 Introrsumt
402 1000 529 1069 t,urpem
553 990 730 1094 speciosum
742 989 819 1069 pelle
841 989 958 1050 decora.
979 1024 1021 1036 -

210 1067 285 1135 ‘Nec
307 1076 418 1136 furtum
442 1076 498 1136 seci
521 1093 576 1135 nec
599 1070 682 1154 fugit
707 1075 732 1135 si
755 1074 826 1135 mihi
849 1074 926 1134 dicat

215 1160 335 1221 Servus:
356 1152 460 1221 ‘habes
483 1160 621 1240 pretium,
644 1160 715 1221 loris
739 1178 799 1220 non
822 1150 927 1220 ureris'
953 1161 1017 1234 ai0;

212 1237 290 1305 ‘Non
314 1245 466 1305 bominem
489 1244 608 1306 occidi’:
629 1238 708 1306 ‘Non
732 1264 834 1325 pasces
857 1245 887 1304 in
911 1263 1001 1307 cruce
1024 1235 1147 1306 corvos.²

211 1322 296 1390 ‘Sum
319 1328 417 1391 bonus
440 1339 469 1391 et
491 1325 594 1427 frugi':
619 1330 718 1391 renuit
741 1330 912 1427 negitatque
935 1330 1079 1392 Sabellus.

215 1413 323 1476 Cautus
346 1416 425 1476 enim
451 1416 553 1476 metuit
576 1416 688 1476 foveam
711 1416 799 1495 lupus
821 1415 1020 1495 accipiterque

215 1500 376 1580 Suspectos
398 1502 519 1579 laqueos
542 1513 571 1560 et
594 1511 730 1581 opertum
751 1500 860 1561 miluus
882 1501 1011 1561 hamum.
1035 1535 1075 1547 -

215 1584 351 1646 Oderunt
374 1604 497 1664 peccare
520 1585 592 1646 boni
614 1585 730 1646 virtutis
752 1593 867 1646 amore:

214 1670 259 1730 Tu
283 1671 356 1731 nibil
379 1670 512 1732 admittes
535 1671 565 1730 in
589 1679 617 1731 te
640 1670 797 1731 formidine
819 1688 949 1750 poenae;

215 1755 259 1816 Sit
280 1774 348 1836 spes
370 1756 499 1829 fallendi,
523 1755 661 1817 miscebis
683 1774 765 1817 sacra
788 1756 928 1834 profanis.

213 1840 286 1900 Nam
310 1840 346 1901 de
369 1842 447 1902 mille
470 1840 555 1902 fabae
578 1841 683 1902 modiis
706 1859 772 1901 cum
795 1841 920 1920 surripis
944 1858 1046 1913 unum,

213 1925 360 1986 Damnum
384 1935 438 1999 est,
461 1945 523 1987 non
547 1927 670 2001 facinus,
694 1926 765 1986 mibi
788 1934 874 2005 pacto
896 1925 993 1987 leuius
1015 1924 1081 1986 isto.
1106 1959 1145 1968 ·—

216 2010 265 2070 Vir
288 2010 395 2084 bonus,
419 2030 507 2071 omne
530 2011 628 2070 forum
651 2029 739 2089 quem
762 2018 876 2090 spectat
898 2020 928 2070 et
951 2029 1038 2071 omne
1062 2008 1203 2084 tribuual,

211 2095 469 2195 Quandocumque
492 2096 562 2156 deos
584 2096 629 2155 vel
652 2114 743 2174 porco
767 2095 811 2155 vel
834 2095 908 2156 bove
930 2094 1035 2199 placat,

211 2171 295 2240 ‘lane
317 2175 409 2259 pater'
434 2180 522 2253 clare,
547 2180 623 2241 clare
647 2199 714 2241 cum
737 2180 810 2240 dixit
828 2175 967 2260 ‘',dpollo

214 2263 310 2325 Labra
332 2274 430 2325 movet
452 2275 588 2326 metuens
611 2265 705 2325 audiri
724 2257 863 2325 ‘Pulchra
886 2264 1026 2350 Lauerna,

213 2349 255 2409 lia
278 2349 350 2410 mihi
373 2349 481 2424 fallere,
505 2350 541 2410 da
564 2351 640 2410 iusto
664 2359 826 2428 sanctoque
847 2349 949 2421 videri,

212 2435 337 2496 Noctem
360 2435 489 2514 peccatis
511 2445 540 2496 et
562 2434 715 2496 fraudibus
737 2433 823 2496 obice
846 2428 974 2498 nubem?
1000 2468 1041 2478 -

214 2520 272 2591 Qui
294 2513 399 2580 melior
420 2540 514 2592 servo,
538 2521 588 2599 qui
611 2520 733 2581 liberior
755 2521 793 2581 sit
813 2538 926 2591 avarus,
1045 2592 1049 2603 ⁸

213 2605 247 2665 ln
270 2605 361 2666 triviis
383 2607 473 2666 fixum
496 2624 564 2666 cum
586 2625 617 2666 se
641 2606 767 2666 demittit
789 2605 826 2665 ob
850 2624 957 2675 assem,

214 2691 281 2750 Non
306 2691 398 2751 video.
442 2691 516 2751 Nam
539 2691 589 2769 qui
612 2692 722 2770 cupiet,
745 2700 857 2752 metuet
878 2705 1013 2769 quoque;
1037 2704 1129 2768 porro

214 2774 272 2845 Qui
294 2784 430 2837 metuens
453 2776 537 2848 vivet,
560 2775 636 2836 liber
657 2776 728 2836 mibi
753 2796 814 2836 non
838 2776 895 2836 erit
916 2792 1065 2852 umquam.

214 2860 344 2920 Perdidit
366 2879 456 2934 arma,
478 2861 578 2921 locum
600 2861 716 2922 virtutis
738 2861 876 2933 deseruit,
900 2860 949 2939 qui

215 2945 339 3024 Semper
362 2946 392 3006 in
415 2946 549 3026 augenda
572 2946 691 3007 festinat
713 2955 742 3006 et
764 2945 900 3006 obruitur
922 2963 963 3005 re.

215 3030 350 3091 Vendere
373 3049 440 3091 cum
463 3031 558 3110 possis
580 3032 736 3110 captivum,
759 3031 894 3091 occidere
917 3028 991 3090 noli:

215 3115 328 3176 Serviat
350 3116 477 3190 utiliter3
501 3117 566 3177 sine
589 3127 690 3195 pascat
712 3117 805 3177 durus
828 3124 960 3194 aretque,

214 3201 335 3280 Naviget
357 3219 390 3261 ac
413 3161 516 3263 mediis
538 3202 648 3262 hiemet
669 3209 782 3262 mercat
783 3219 817 3261 or
839 3202 870 3261 in
894 3199 990 3271 undis,

214 3286 360 3345 Annonae
383 3287 486 3365 prosit,
510 3296 609 3383 portet
631 3288 779 3347 frumenta
803 3304 967 3388 penusque
990 3316 1032 3326 -

214 3370 264 3429 Vir
287 3369 385 3430 bonus
408 3381 436 3431 et
458 3372 577 3450 sapiens
600 3373 720 3432 audebit
741 3371 854 3432 dicere:
875 3363 1033 3439 ‘‚Pentbeu

214 3455 324 3515 Rector
346 3454 523 3529 Thebarum,
536 3456 616 3557 quid
642 3476 688 3517 me
711 3457 845 3561 perferre
867 3455 986 3535 patique

143 3551 153 3564 ’
215 3536 515 3620 indignumcoges?
536 3531 682 3602 Adimam
698 3536 795 3603 bona
817 3536 942 3619 Nempe
958 3556 1058 3619 pecus
1075 3555 1148 3611 rem,

215 3625 331 3698 Lectos
354 3635 528 3706 argentum3
551 3626 635 3688 tollas
658 3617 747 3688 licet.
788 3621 835 3687 ‘ln
859 3625 981 3686 manicis
1004 3633 1033 3682 et

126 3837 128 3841 ’
216 3842 271 3893 XV!
297 3860 319 3894 u.
345 3845 376 3894 43
400 3858 440 3894 res
464 3846 597 3910 sponsore]
621 3845 671 3894 B⁰z
694 3857 846 3909 responsore
872 3840 877 3909 Ι
904 3843 936 3894 61
961 3842 1028 3892 iusto
1052 3843 1205 3908 sanctoque]

128 3933 161 3952 =
179 3910 228 3961 Bt:
247 3911 341 3963 iustum
360 3917 526 3978 sanctumque
