2656 4448
534 230 750 283 smtaaauul
772 237 808 286 lt).

219 400 393 462 Ambustum
419 403 554 480 propriis.
600 402 700 462 Fuerit
722 403 861 476 Lucilius,
886 406 1015 482 inquam,

219 487 315 546 Comis
338 496 366 546 ct
389 487 530 558 urbanus,
554 489 641 547 luerit
663 489 790 548 limatior
813 490 888 549 idem

221 571 314 641 Quam
338 573 418 632 rudis
441 580 469 631 et
492 573 610 633 Graecis
632 574 732 633 intacti
756 575 895 635 carminis
917 585 1020 634 auctor

221 656 374 734 Quamque
399 668 549 736 poetarum
573 659 723 718 seniorum
749 660 849 731 turba3
872 661 922 720 sed
947 661 1002 729 ille,

220 741 251 800 Si
273 743 349 801 foret
371 742 428 801 boc
452 753 587 802 nostrum
610 744 668 802 foto
691 745 827 821 delapsus
849 745 878 804 in
904 763 1014 816 aerum,

218 827 372 887 Detereret
393 826 448 886 sibi
472 829 570 898 multa,
595 829 738 889 recideret
762 848 850 888 omno
874 830 952 908 quod
977 831 1050 890 oltra

220 911 386 972 Perfectum
411 913 585 984 traheretur,
609 924 637 973 et
660 915 688 972 in
714 934 799 974 versu
822 916 956 974 faciendo
1176 926 1204 976 70

221 998 312 1076 Saepe
337 1008 425 1075 coptu
447 997 580 1058 scaberet
602 999 681 1059 viros
704 1010 732 1058 et
756 1001 874 1059 roderet
896 1002 1011 1076 unguis.
1034 1036 1076 1045 -

221 1082 313 1160 Saepe
336 1082 436 1142 stilum
461 1093 562 1151 vertas,
587 1084 693 1143 iter-mn
716 1103 789 1162 quae
814 1084 901 1163 digua
924 1086 982 1164 legi
1005 1085 1065 1146 siut

219 1168 400 1246 Scripturas,
425 1186 521 1245 neque
545 1179 573 1228 te
598 1178 629 1228 ut
652 1166 774 1228 miretur
797 1171 880 1229 turba
903 1171 1028 1242 labores,

218 1251 384 1313 Contentus
407 1252 508 1330 paneis
531 1253 700 1314 lectoribus.
745 1257 788 1314 An
815 1265 862 1314 tua
886 1257 1007 1316 demens

219 1337 329 1398 Vilibus
352 1338 381 1397 in
406 1338 482 1397 ludis
504 1337 606 1397 dictari
629 1339 758 1398 carmina
782 1338 885 1400 malis?
1175 1350 1203 1399 to

219 1422 283 1482 b‘on
302 1442 371 1501 ego;
390 1441 456 1482 narn
472 1423 541 1483 sotis
557 1434 601 1482 est
617 1424 745 1500 equitem
763 1426 831 1484 mibi
850 1424 996 1502 plaudere,
1014 1435 1045 1486 ut
1060 1425 1153 1484 audax

218 1504 401 1586 Contemptis
423 1509 485 1567 aliis
507 1509 624 1585 explosa
648 1507 808 1568 Arbuscula
832 1510 912 1568 dixit.

218 1592 283 1652 blen
310 1603 424 1652 moveat
446 1594 540 1652 cimex
564 1593 714 1661 Pantilius,
738 1605 788 1652 aut
810 1595 931 1663 cruciet,
956 1595 1033 1673 quod

217 1675 337 1738 Vellicet
358 1678 510 1738 absentem
536 1679 710 1749 bernetrius,
734 1691 783 1739 aut
805 1681 882 1757 quenl
908 1680 1026 1758 ineptus

216 1761 347 1823 Fannius
372 1763 565 1841 Hermogenis
587 1763 681 1823 laedat
704 1765 823 1824 conviva
846 1763 987 1841 Tigetttt
1175 1774 1203 1823 80

219 1847 329 1909 Plotius
353 1860 381 1908 et
405 1849 515 1915 Varius,
541 1849 692 1909 llaecenas
717 1849 927 1929 Vergiliusque.

218 1931 333 2012 Valgius
357 1942 385 1994 et
408 1934 514 2012 probet
536 1935 607 1993 baec
630 1934 767 1995 Octavius
789 1936 917 2013 optimus
939 1944 1027 2012 atque

214 2016 328 2079 Fuscus
350 2029 379 2079 et
401 2020 472 2079 baec
497 2020 608 2078 utinam
631 2020 785 2080 Viscorum
808 2021 906 2080 laudet
928 2019 1065 2098 uterquel

215 2103 383 2164 Ambitione
407 2105 533 2183 relegata
557 2114 584 2164 te
608 2105 705 2164 dicere
728 2125 858 2184 possum,

215 2188 317 2258 Pollio,
342 2200 378 2261 te,
403 2190 543 2260 blessalla,
567 2200 616 2250 tuo
641 2209 707 2250 curn
733 2192 831 2263 tratre,
854 2191 1001 2268 simulque
1171 2198 1198 2248 85

217 2271 282 2346 Vos,
306 2275 408 2335 Bibule
431 2284 459 2334 et
482 2277 571 2343 Serri,
596 2277 682 2335 simul
706 2276 750 2336 bis
773 2286 810 2347 te,
833 2276 955 2336 candide
981 2274 1081 2347 Furni,

217 2355 383 2437 Compluris
405 2361 486 2427 alios,
510 2360 613 2419 doctos
636 2379 691 2437 ego
715 2380 789 2437 epiros
813 2370 842 2420 et
865 2363 974 2420 anticos

214 2443 350 2504 Prudens
373 2454 535 2523 praetereo,
560 2444 666 2521 quibus
688 2445 769 2514 baec,
793 2445 851 2504 sint
875 2446 1107 2521 (primianumque,

215 2528 355 2587 adridere
379 2529 474 2601 velim,
498 2529 650 2597 doliturus,
674 2528 697 2588 si
721 2529 858 2606 placeant
879 2549 931 2606 spe

214 2611 348 2673 Deterius
372 2624 481 2673 nostra.
528 2613 665 2682 bernetri,
690 2622 786 2690 teque,
810 2613 923 2689 Tigelli,

215 2696 430 2774 Discipnlarmn
454 2699 532 2758 inter
554 2698 640 2757 iubeo
665 2698 781 2776 plorare
805 2697 966 2757 cathedras.
990 2731 1031 2742 -

212 2781 234 2849 l,
258 2800 343 2859 puer,
365 2793 452 2861 atque
475 2802 540 2843 meo
564 2783 639 2843 citus
662 2785 732 2843 baec
755 2782 907 2843 subscribo
931 2781 1040 2841 libello.

126 2935 330 2943 ——ss

214 3035 277 3087 llo.
297 3038 328 3088 oc
348 3036 462 3100 dilapsos
480 3040 506 3084 et
523 3033 616 3086 dilatus
636 3040 661 3084 et
685 3035 784 3085 delatus
812 3035 816 3099 Ι
843 3036 874 3085 78
900 3039 1009 3089 moreat
1033 3032 1114 3083 cimex
1134 3031 1197 3083 Pan-

128 3101 206 3164 tilius,
223 3104 308 3155 Beati.
293 3106 328 3157 lt
351 3107 382 3156 86
402 3103 500 3166 Bibule]
521 3103 647 3164 linietur,
666 3102 699 3155 V.
721 3104 855 3152 Heinsius:
877 3102 954 3152 bibuli
980 3100 984 3170 Ι
1009 3103 1041 3153 88
1060 3108 1119 3151 suut
1137 3097 1196 3166 (vll

126 3173 156 3224 91
178 3171 358 3238 discipulorum
377 3176 411 3235 to)
