2656 4448
506 199 679 251 GARMlNUM
697 201 716 253 ll
736 205 775 254 ta.
796 205 835 256 19.

266 372 343 443 Quid
359 374 439 451 quod
455 392 549 451 usque
565 374 716 453 proximos

312 457 437 518 Revellis
453 459 516 536 agri
532 459 675 521 terminos
689 468 719 520 et
733 460 810 521 ultra

195 551 223 601 25
267 542 388 602 limites
404 543 557 603 clientium

312 627 385 687 Salis
401 625 526 688 avarus?
542 628 661 706 pellitur
676 637 816 707 paternos

265 710 300 772 ln
316 712 384 772 sinu
400 713 500 773 serens
516 713 586 773 deos

312 796 350 857 Et
366 815 440 857 uxor
456 807 485 857 et
499 798 543 856 vir
558 798 753 876 sordidosque
769 807 863 860 natos.

262 881 346 943 Nulla
364 882 473 942 certior
489 895 585 942 tamen

189 977 219 1027 ab
304 966 429 1045 Rapacis
447 966 515 1027 Orci
533 968 591 1027 line
607 966 751 1027 destinata

264 1051 335 1111 Aula
351 1051 468 1112 divitem
487 1061 585 1112 manet

308 1135 410 1196 Erum.
442 1137 518 1207 Quid
536 1136 612 1196 ultra
628 1134 747 1197 tendis‘l
762 1154 854 1214 aequa
870 1137 956 1199 tellus

265 1220 389 1299 Pauperi
408 1221 570 1281 recluditur

309 1305 483 1384 Regumque
500 1306 600 1384 pueris
616 1323 671 1364 nec
686 1305 803 1366 satelles
819 1306 888 1366 Orci

191 1397 219 1447 35
264 1388 404 1451 Callidum
422 1391 597 1451 Promethea

308 1475 429 1536 Revexit
444 1494 516 1535 auro
533 1485 645 1554 captus.
677 1475 730 1534 llic
746 1473 906 1552 superbum

263 1559 416 1621 Tantalum
432 1570 522 1638 atque
538 1560 652 1620 Tantali

309 1645 409 1706 Genus
424 1654 551 1717 coercet,
567 1646 615 1704 hic
630 1645 725 1704 levare
741 1644 876 1703 functum

261 1728 423 1808 Pauperem
441 1729 590 1790 laboribus

311 1816 435 1875 Vocatus
451 1823 538 1893 atque
555 1833 615 1874 non
631 1822 751 1873 vocatus
766 1812 855 1873 audit.

632 2066 698 2126 XIX

266 2184 415 2245 Bacchum
431 2186 461 2245 in
479 2187 599 2246 remotis
615 2185 744 2245 carmina
762 2182 886 2264 rupibus

262 2269 326 2329 Vidi
342 2271 507 2344 docentem,
524 2270 635 2330 credite
650 2271 771 2349 posteri,

307 2355 514 2434 Nymphasque
530 2356 669 2417 discentis
685 2365 714 2415 et
729 2355 808 2415 auris

360 2440 556 2520 Capripedum
573 2441 745 2520 Satyrorum
761 2448 869 2500 acutas.

204 2567 218 2615 5
261 2555 373 2632 Euhoe,
390 2560 504 2620 recenti
521 2578 604 2620 mens
619 2559 747 2637 trepidat
761 2567 842 2619 metu

261 2643 413 2722 Pleuoque
430 2645 536 2704 bacchi
552 2653 672 2722 pectore
688 2644 839 2704 turbidum

307 2729 461 2790 Laetaturl
486 2730 589 2800 euhoe,
605 2747 692 2807 parce
708 2728 805 2801 biber,

357 2815 459 2885 Parce,
476 2814 554 2892 gravi
571 2815 731 2874 metuende
747 2810 863 2892 thyrsol

260 2931 316 2992 Fas
331 2932 492 3009 pervicacis
507 2941 552 2992 est
567 2932 637 2992 mihi
654 2932 797 3012 Thyiadas

191 3025 219 3076 10
263 3016 389 3093 Vinique
405 3017 518 3076 sontem
533 3018 616 3078 lactis
631 3027 660 3078 et
675 3018 781 3078 uberes

307 3099 431 3161 Cautare
447 3103 524 3161 rivos
539 3112 626 3178 atque
641 3103 755 3162 truncis

356 3185 450 3264 Lapsa
466 3188 543 3246 cavis
559 3186 664 3246 iterare
680 3187 774 3260 mella,

259 3301 315 3363 Fas
330 3312 359 3363 et
374 3302 476 3364 beatae
492 3303 627 3380 coniugis
642 3303 773 3364 additum

259 3386 355 3448 Stellis
369 3388 514 3448 honorem
529 3398 665 3466 tectaque
680 3388 804 3448 Penthei

186 3481 214 3531 15
301 3472 426 3533 llisiecta
442 3492 504 3533 non
521 3474 579 3534 leni
597 3473 681 3533 ruina

355 3557 477 3619 Thracis
494 3568 523 3619 et
537 3558 657 3619 exitium
673 3557 810 3637 Lycurgi.

215 3807 293 3860 XVlll
311 3824 334 3860 v.
353 3811 386 3861 30
405 3810 506 3875 capacis
519 3809 603 3861 Bentl.
620 3809 624 3877 1
640 3810 700 3862 sede
713 3812 748 3875 (a)
761 3809 866 3876 (Bentl.)
882 3810 886 3875 Ι
902 3810 934 3862 32
947 3807 1031 3869 Quid?
1047 3809 1080 3861 F.
1092 3809 1205 3861 Curreb-

126 3891 208 3928 mann
226 3879 377 3928 Horatiano
391 3893 419 3943 p,
439 3880 515 3942 ttsq.
