2656 4448
503 203 676 256 CARMINUM
693 205 727 256 lV
748 210 786 260 lt.

240 373 316 443 Quid
340 374 432 434 Marte
455 373 581 453 posses?
603 375 695 436 milite
718 394 786 436 nam
809 386 859 438 tuo

240 458 353 520 Drusus
376 458 543 534 Genaunos‚
567 460 754 539 implacidum
777 480 881 540 genus,

289 544 482 622 Breunosque
504 545 612 605 velocis
636 554 665 605 et
686 547 762 606 arcis

339 629 462 708 Alpibus
484 630 636 709 impositas
658 630 821 692 tremendis

240 746 352 808 Deiecit
374 767 442 809 acer
465 749 532 828 plus
555 748 617 808 vice
640 747 775 826 simplici.

242 828 335 892 Maior
356 833 508 893 Neronum
534 852 600 893 mox
624 851 712 911 grave
734 834 881 912 proelium

290 916 433 978 Conmisit
456 919 643 996 inmanisque
667 918 774 979 Raetos

340 1004 486 1082 Auspiciis
508 1005 624 1082 pepulit
644 1004 793 1077 secundis,

245 1120 431 1198 Spectandus
453 1122 481 1181 in
507 1121 667 1181 certamine
690 1120 795 1182 lllartio

243 1205 352 1266 Devota
375 1207 461 1266 morti
485 1215 605 1284 pectora
628 1205 739 1267 liberae

291 1290 416 1361 Quantis
439 1291 573 1370 fatigaret
596 1291 700 1362 ruinis,

341 1377 502 1436 lndomitas
524 1393 619 1454 prope
642 1375 735 1452 qualis
758 1376 851 1436 undas

245 1491 372 1554 Exercet
393 1495 500 1554 Auster
523 1493 673 1552 Pleiadum
697 1492 789 1552 choro

248 1576 411 1638 Scindente
435 1577 531 1649 nubis,
555 1578 681 1656 impiger
703 1577 832 1637 hostium

293 1663 407 1723 Vexare
430 1671 543 1722 turmas
566 1671 595 1722 et
617 1662 792 1721 frementem

344 1748 459 1808 Mittere
482 1765 592 1825 equum
614 1747 727 1807 medios
749 1764 804 1825 per
825 1746 910 1824 ignis.

248 1865 296 1925 Sic
319 1866 498 1927 tauriformis
524 1865 649 1926 volvitur
670 1866 800 1936 Aufidus,

248 1948 305 2019 Qui
327 1970 418 2031 regna
441 1952 536 2012 Dauni
560 1951 695 2028 praefluit
717 1949 813 2028 Apuli,

296 2037 368 2097 Cum
391 2037 481 2097 saevit
503 2034 740 2112 horrendamque
764 2035 850 2096 cultis

345 2122 489 2182 Diluviem
512 2121 671 2181 meditatur
693 2121 778 2198 agris,

253 2240 292 2300 Ut
314 2239 506 2300 barbarorum
530 2238 667 2299 Claudius
690 2237 804 2314 agmina

253 2324 375 2385 Ferrata
398 2335 478 2386 vasto
501 2325 591 2384 diruit
613 2324 724 2401 impetu

299 2409 473 2488 Primosque
496 2418 524 2470 et
547 2417 694 2468 extremos
717 2407 856 2466 metendo

350 2495 457 2555 Stravit
478 2496 600 2555 humum
623 2493 687 2553 sine
711 2492 791 2551 clade
813 2491 915 2563 victor,

252 2612 294 2672 Te
316 2613 425 2692 copias,
448 2622 476 2673 te
499 2612 654 2672 consilium
679 2618 709 2669 et
730 2619 797 2669 tuos

252 2696 415 2758 Praebente
437 2697 527 2757 divos
571 2698 636 2757 llon
660 2694 713 2755 tibi
735 2713 794 2772 quo
817 2693 864 2753 die

300 2783 407 2842 Portus
428 2783 609 2842 Alexandrea
632 2780 755 2859 supplex

350 2868 387 2927 Et
409 2886 528 2927 vacuam
552 2867 689 2945 patefecit
711 2865 816 2936 aulam,

253 2985 384 3045 Fortuna
406 2986 499 3046 lustro
522 3001 665 3065 prospera
687 2982 775 3042 terlio

255 3070 327 3130 Belli
350 3071 497 3131 secundos
519 3068 645 3130 reddidit
668 3068 762 3128 exitus

301 3155 490 3234 Laudemque
513 3164 542 3217 et
564 3162 696 3233 optatum
719 3152 845 3232 peractis

351 3241 486 3319 lmperiis
509 3243 598 3302 decus
621 3238 778 3317 adrogauit.

255 3358 297 3418 Te
321 3357 469 3419 Cantaber
491 3379 553 3420 non
577 3369 646 3419 ante
668 3356 822 3419 domabilis

255 3443 417 3521 Medusque
440 3455 470 3504 et
490 3445 591 3516 lndus,
613 3453 642 3504 te
664 3445 808 3522 profugus
831 3442 952 3521 Scythes

303 3529 433 3602 llliratur,
457 3549 474 3590 o
497 3530 587 3590 tutela
609 3547 750 3607 praesens

355 3614 452 3674 ltaliae
476 3615 670 3690 dominaeque
693 3614 813 3683 Romae,

126 3767 328 3776 ——-.-——.

215 3881 271 3933 XlV
290 3900 314 3935 o.
334 3886 365 3934 20
383 3881 522 3934 indomitus
540 3882 574 3944 (o)
592 3880 677 3931 Bentl.
694 3880 698 3947 Ι
715 3883 746 3932 28
764 3879 894 3961 minitatur

181 3967 291 4008 Horatius.
