2656 4448
503 205 675 259 erpuinum
694 206 714 259 ll
733 211 773 261 13.
795 212 833 264 14.

257 379 351 451 Quam
369 397 462 457 paene
478 380 577 440 furvae
593 397 684 458 regna
701 379 896 459 Proserpinae

258 464 295 525 Et
311 464 488 525 iudicantem
503 464 626 525 vidimus
642 464 769 525 Aeacum

303 550 453 625 Sedesque
468 548 623 627 discriptas
639 549 756 626 piorum
772 559 801 609 et

356 633 463 694 Aeoliis
478 632 585 694 fidibus
602 644 778 712 querentem

260 751 379 831 Sappho
395 751 500 830 puellis
517 752 552 812 de
567 751 760 831 popularibus

256 835 294 895 Et
309 844 337 896 te
353 844 506 897 sonantem
522 837 639 915 plenius
656 855 755 908 aureo,

303 921 417 991 Alcaeo,
432 921 547 1000 plectro
564 922 636 981 dura
654 921 744 994 navis,

356 1006 433 1066 Dura
449 1008 535 1083 fugae
550 1007 634 1076 mala,
650 1008 723 1068 dura
739 1007 822 1068 bellil

257 1121 421 1201 Utrumque
436 1142 519 1184 sacro
535 1124 623 1204 digna
638 1125 756 1186 silentio

257 1207 403 1268 Mirantur
418 1207 540 1269 umbrae
555 1210 663 1281 dicere,
680 1210 731 1271 sed
747 1209 838 1288 magis

303 1292 421 1371 Pugnas
436 1303 465 1353 et
480 1304 597 1355 exactos
613 1304 755 1374 tyrannos

357 1378 487 1437 Densum
505 1379 613 1439 umeris
629 1378 702 1438 bibit
717 1397 787 1439 aure
802 1377 915 1457 volgus.

258 1493 335 1564 Quid
351 1495 468 1568 mirum,
486 1494 536 1555 ubi
551 1495 608 1554 illis
623 1495 803 1557 carminibus
817 1505 941 1575 stupens

258 1578 391 1639 Demittit
406 1587 484 1640 atras
499 1578 585 1639 belua
601 1579 751 1657 centiceps

305 1664 391 1725 duris
407 1672 436 1724 et
451 1664 553 1724 intorti
570 1663 682 1742 capillis

358 1748 555 1809 Eumenidum
572 1757 746 1809 recreantur
761 1745 895 1828 angues?

259 1865 336 1935 Quin
354 1875 383 1926 et
397 1867 593 1927 Prometheus
608 1876 637 1926 et
652 1865 768 1945 Pelopis
783 1884 892 1944 parens

258 1949 343 2010 Dulci
360 1951 490 2012 laborem
505 1951 651 2031 decipitur
666 1970 741 2012 sono

305 2035 365 2097 Nec
382 2045 465 2097 curat
481 2036 573 2097 Orion
591 2036 693 2097 leones

356 2124 415 2182 Aut
427 2122 545 2183 timidos
560 2122 669 2200 agitare
684 2120 794 2201 lyncas.

635 2391 698 2450 XIV

259 2507 343 2569 Eheu
358 2510 485 2589 fugaces,
502 2509 650 2582 Postume,
667 2510 814 2583 Postume,

258 2593 413 2654 Labuntur
428 2595 499 2654 anni
516 2614 571 2656 nec
587 2594 678 2674 pietas
693 2611 805 2654 moram

305 2678 396 2756 Rugis
411 2688 441 2739 et
456 2679 577 2740 instanti
593 2687 729 2739 senectae

354 2764 476 2824 Adseret
490 2764 706 2841 indomitaeque
723 2763 820 2836 morti,

257 2881 334 2955 Non,
350 2883 373 2943 si
390 2882 527 2954 trecenis,
544 2889 690 2960 quotquot
705 2889 778 2940 eunt
793 2881 864 2953 dies,

258 2967 368 3041 Amice,
387 2967 484 3045 places
499 2965 739 3025 inlacrimabilem

304 3051 431 3112 Plutona
448 3051 548 3123 tauris,
565 3049 615 3129 qui
629 3059 675 3109 ter
691 3049 820 3127 amplum

357 3135 513 3215 Geryonen
531 3135 697 3213 Tityonque
713 3134 787 3194 tristi

260 3251 427 3333 Compescit
442 3254 529 3327 unda,
546 3253 657 3314 scilicet
672 3253 819 3326 omnibus,

259 3336 447 3417 Quicumque
462 3348 558 3399 terrae
574 3356 698 3398 munere
712 3338 867 3409 vescimur,

306 3423 502 3502 Enaviganda
518 3424 577 3484 sive
593 3441 678 3502 reges

355 3509 420 3569 Sive
436 3509 541 3587 inopes
556 3508 665 3568 erimus
680 3507 788 3568 coloni.
806 3541 845 3550 —

131 3640 334 3651 m

215 3754 268 3808 lllll
286 3775 309 3810 o.
330 3761 361 3810 23
380 3758 522 3824 discriptas]
541 3781 574 3800 =
592 3758 764 3809 [Μώριον
780 3774 847 3811 mua.
864 3758 932 3822 part.
953 3761 993 3822 13,
1011 3757 1115 3819 mama
1139 3758 1201 3808 644:

127 3821 272 3957 gqchqqtas
291 3833 316 3878 et
333 3826 456 3879 discretas
471 3826 475 3894 l
492 3828 523 3879 28
542 3825 627 3891 fugae,
646 3825 710 3876 mala
730 3825 790 3878 dura
810 3827 845 3877 al.
861 3828 865 3894 l
882 3827 914 3880 38
932 3827 1048 3878 laborum
1064 3824 1067 3890 Ι
1083 3825 1116 3875 40
1136 3824 1202 3874 timi-
