2656 4448
579 246 709 300 neubon
728 252 751 302 2.

253 417 413 481 Labuntur
435 419 499 481 altis
520 420 640 480 interim
664 420 736 499 ripis
758 439 861 500 aquae,

301 503 476 574 Queruntur
498 506 528 565 in
552 505 630 566 silvis
653 523 720 566 aves

254 587 446 667 Frondesquo
468 589 594 669 lymphis
617 590 795 669 obstrepunt
817 593 1014 669 manantibus

301 673 429 734 Somnos
450 675 529 751 quod
552 674 655 734 invitet
676 674 757 737 levis.

254 760 291 819 nt
313 778 381 819 cum
404 759 534 819 tonantis
556 778 653 821 annus
675 760 819 824 hibernus
840 763 917 824 lovis

300 843 404 904 lmbris
428 844 560 922 nivisque
583 855 735 924 comparat

254 929 312 988 dut
334 929 425 989 trudit
448 929 523 989 acris
546 929 615 990 binc
638 939 668 990 et
690 930 760 991 binc
783 932 874 992 multa
896 950 970 993 canc

301 1014 397 1091 Apros
419 1013 448 1074 in
474 1014 618 1074 obstantis
640 1015 740 1093 plagas

253 1098 312 1157 Aut
333 1099 421 1159 amite
444 1099 499 1158 levi
522 1116 589 1158 rara
612 1099 707 1159 tendit
730 1100 812 1173 retia,

301 1182 407 1244 Turdis
429 1183 569 1244 edacibus
591 1184 685 1257 dolos,

254 1267 453 1346 Pavidumque
475 1269 607 1347 leporem
632 1281 661 1329 et
682 1270 822 1330 advenam
845 1269 951 1348 laqueo
973 1288 1077 1348 gruem

301 1351 433 1413 lucunda
456 1362 554 1432 captat
576 1354 715 1432 praemia.

257 1436 330 1507 Quis
353 1457 413 1499 non
438 1439 590 1509 malarum,
614 1457 687 1516 quas
710 1457 793 1498 amor
815 1457 900 1501 curas
922 1440 1021 1512 babet,

301 1522 380 1583 Haec
403 1523 481 1583 inter
505 1521 709 1583 obliviscitur?

257 1606 370 1677 Quodsi
394 1609 499 1687 pudica
522 1607 628 1668 mulier
651 1609 680 1667 in
705 1618 818 1688 partem
841 1609 919 1669 iuvet

301 1693 428 1754 Domum
450 1703 538 1771 atque
561 1693 654 1754 dulcis
676 1692 795 1765 liberos,

258 1776 366 1838 Sabina
390 1778 484 1856 qualis
506 1787 557 1838 aut
578 1787 698 1856 perusta
721 1779 832 1839 solibus

301 1863 434 1924 Pernicis
456 1881 532 1923 uxor
554 1863 650 1942 Apuli,

256 1947 375 2008 Sacrum
400 1948 520 2010 vetustis
543 1957 674 2009 exstruat
695 1949 784 2028 lignis
808 1949 906 2009 locum

302 2033 383 2094 La'ssi
407 2033 461 2094 sub
485 2034 640 2093 adventum
663 2033 716 2093 viri

257 2114 462 2196 Claudensque
484 2118 571 2179 textis
593 2118 723 2179 cratibus
746 2119 853 2179 laetum
877 2135 968 2197 pecus

305 2203 437 2264 Distenta
460 2205 551 2264 siccet
573 2202 664 2263 ubera

257 2286 294 2346 Et
316 2288 410 2348 borna
433 2289 511 2348 dulci
535 2287 599 2348 vina
622 2306 764 2367 promens
786 2288 864 2348 dolio

302 2373 397 2452 Dapes
420 2374 565 2452 inemptas
589 2375 724 2451 adparet:

256 2457 321 2518 Non
346 2477 393 2518 me
417 2458 544 2517 Lucrina
567 2457 695 2516 iuverint
718 2457 871 2536 conchylia

304 2542 430 2621 Magisre
454 2541 596 2601 rhombus
618 2553 668 2601 aut
689 2543 775 2613 scari,

259 2626 368 2704 Siquos
392 2627 460 2687 Eois
482 2628 616 2687 intonata
638 2625 778 2687 fluctibus

305 2711 405 2771 Hiems
428 2713 464 2771 ad
486 2712 542 2771 boc
566 2721 659 2770 vertat
681 2731 772 2783 mare,

258 2794 324 2855 Non
349 2797 416 2855 Alra
440 2797 499 2856 avis
521 2797 679 2856 descendat
701 2798 731 2857 in
755 2804 887 2856 ventrem
909 2811 1017 2866 meum,

304 2881 369 2941 Non
394 2890 510 2960 attagen
535 2881 653 2942 lonicus

261 2965 422 3027 Iucundior
444 2985 531 3045 quam
554 2967 627 3026 lecta
652 2967 687 3026 de
711 2963 911 3044 pinguissimis

284 3052 366 3112 Oliva
388 3053 476 3113 ramis
498 3052 638 3111 arborum

259 3137 317 3196 Aut
339 3137 430 3197 berba
453 3136 560 3217 lapathi
582 3144 666 3215 prata
689 3133 814 3195 amantis
837 3140 866 3191 et
887 3131 966 3211 gravi

306 3222 414 3282 Malvae
437 3222 569 3283 salubres
592 3221 711 3299 corpori

262 3306 312 3366 Vel
334 3326 410 3385 agna
433 3308 514 3368 lestis
537 3326 619 3368 caesa
643 3304 858 3366 Terminalibus

308 3391 360 3452 Vel
383 3393 493 3453 bacilus
515 3401 634 3470 ereptus
656 3391 736 3469 lopo.
1136 3396 1165 3445 dt

220 3658 240 3708 ll
259 3675 281 3710 υ.
302 3661 333 3711 25
353 3661 414 3711 riuis
433 3663 475 3724 (=
487 3657 541 3726 B0)
557 3661 561 3722 Ι
577 3662 608 3711 27
629 3657 792 3723 frondesque]
804 3655 980 3705 Mor-lelandus
998 3654 1034 3704 ad
1051 3651 1148 3702 calcem
1167 3651 1206 3702 ed.

133 3727 201 3778 Eur.
221 3726 314 3793 Suppl.
333 3745 359 3794 p.
376 3731 431 3781 255
438 3746 477 3793 aq.
496 3735 521 3779 et
539 3743 581 3792 ap.
600 3729 627 3778 P.
646 3727 832 3776 darmannum
850 3723 906 3774 Sec.
925 3723 987 3773 adn.
1007 3722 1042 3771 cd
1059 3720 1137 3784 Prop.
1156 3719 1207 3781 (od.

135 3796 166 3847 L.
186 3795 342 3862 Santonica)
359 3796 392 3847 lV
411 3800 435 3860 4,
453 3799 481 3847 4:
509 3796 644 3861 fontesque
672 3795 675 3848 l
703 3795 735 3845 35
759 3791 912 3858 pavidumve
930 3790 1015 3841 Booti.
1032 3793 1036 3852 Ι
1052 3790 1083 3839 37
1104 3801 1164 3851 ager
1182 3787 1210 3836 M

135 3867 168 3916 oi.
196 3881 221 3914 o.
243 3865 317 3928 1879,
344 3881 395 3918 rec.
414 3883 438 3915 o.
460 3867 524 3917 1882
548 3867 574 3926 (†
593 3877 663 3913 amor
685 3878 709 3912 a.
736 3861 833 3924 rusti!
859 3858 937 3909 Roma
965 3872 1028 3924 quas
1046 3857 1074 3905 P.
1092 3856 1113 3905 1.
1136 3854 1207 3906 Sert-

135 3935 229 3983 noritta
241 3931 338 3985 Maean.
352 3951 378 3984 n.
390 3950 410 3985 s.
427 3935 521 3997 15‚325
531 3954 536 3992 ;
548 3933 579 3981 A.
588 3932 619 3983 Ε.
627 3931 761 3980 Housman
769 3930 863 3994 joam.
878 3925 983 3990 ofpln'l.
997 3922 1073 3975 XVlll
1083 3924 1123 3984 35,
1137 3926 1209 3988 l'lcq.
