2656 4448
495 214 667 283 strumum
684 216 694 268 r
714 218 752 269 tt.
772 218 811 269 15.

248 393 341 453 lactes
356 400 386 452 et
400 409 495 470 genus
510 399 539 450 et
552 407 662 449 nomen
679 388 793 462 inutile,

248 477 293 538 Nil
309 476 396 556 pictis
410 476 528 536 timidus
543 475 639 534 navita
654 472 804 553 puppibus

295 561 386 622 Fidit:
401 570 443 633 tu,
460 561 516 622 nisi
532 560 626 619 ventis

337 645 432 708 Debes
447 644 616 718 ludibrium,
632 661 710 704 cave.

250 782 350 861 Nuper
366 781 523 843 sollicitum
539 798 614 858 quae
629 780 700 841 mibi
715 779 854 857 taedium,

248 867 335 928 Nunc
349 867 526 929 desiderium
542 883 672 943 curaque
687 884 749 926 non
765 866 844 938 levis,

293 951 439 1014 Interiusa
455 951 576 1013 nitentis

336 1039 416 1100 Vites
430 1054 558 1117 aequora
574 1035 721 1115 Cycladas.

632 1341 682 1400 XV

249 1463 351 1523 Pastor
367 1478 435 1519 cum
450 1459 579 1518 traheret
593 1477 648 1537 per
662 1461 736 1520 treta
751 1461 872 1524 navibus

250 1546 343 1607 ldaeis
358 1544 492 1603 Helenen
508 1543 639 1621 perfidus
654 1544 808 1623 hospitam,

251 1632 370 1711 Ingrato
388 1626 499 1688 celeres
515 1626 614 1687 obruit
629 1627 688 1688 otio

327 1715 446 1786 Ventos,
463 1721 496 1773 ut
510 1721 630 1773 caneret
643 1714 705 1773 iera

251 1852 364 1912 Nereus
379 1850 452 1910 lata:
473 1841 561 1908 ‘Mala
576 1848 660 1909 ducis
675 1849 720 1910 avi
735 1849 866 1925 domum,

249 1937 345 2007 Quam
359 1935 452 1994 multe
468 1942 582 2013 repetet
598 1934 719 1995 Graecia
733 1934 834 2010 milite,

250 2019 406 2081 coniurata
422 2029 487 2079 tuas
502 2036 640 2097 rumpere
656 2020 773 2098 nuptias

326 2105 364 2165 Et
379 2121 503 2182 reguum
520 2104 628 2164 Priami
642 2115 735 2166 vetus.

252 2242 326 2315 Heu,
342 2240 410 2313 beu,
426 2249 553 2318 quantus
568 2239 661 2318 equis,
677 2251 806 2317 quantus
821 2243 903 2303 adest
917 2242 985 2304 viris

252 2326 363 2387 Sudorl
380 2332 490 2403 quanta
505 2343 605 2385 moves
619 2325 723 2386 lunera
739 2326 890 2389 Dardanae

252 2411 355 2473 Gentil
372 2411 427 2471 iam
444 2411 555 2489 galeam
572 2409 665 2470 Pallas
682 2419 711 2470 et
726 2412 825 2490 aegida

329 2496 498 2574 Currusque
514 2505 543 2555 et
557 2494 668 2555 rabiem
683 2507 776 2574 parat.

252 2630 438 2708 Nequiquam
451 2630 574 2691 Veneris
589 2631 734 2709 praesidio
750 2633 833 2691 ferox

254 2714 356 2774 Pectes
372 2716 531 2776 caesariem
547 2724 688 2794 grataque
705 2715 820 2775 leminis

254 2798 358 2859 lnbelli
373 2799 482 2859 cithara
497 2800 627 2860 carmina
642 2800 762 2871 divides,

330 2882 514 2962 Nequiquam
530 2884 656 2944 thalamo
671 2885 766 2961 gravis

254 3019 357 3080 Hastae
372 3028 402 3078 et
416 3019 518 3079 calami
533 3017 644 3098 spicula
661 3010 760 3080 Cnosii

254 3103 365 3164 Vitabis
380 3103 595 3182 strepitumque
611 3115 640 3164 et
655 3104 780 3165 celerem
796 3107 879 3186 sequi

255 3190 387 3263 Aiacem3
404 3198 512 3263 tamen,
527 3188 594 3263 beu,
610 3207 694 3250 serus
710 3190 858 3254 adulteros

329 3273 425 3335 Crinis
440 3273 560 3353 pulvere
576 3274 708 3336 coNines.

255 3409 320 3468 Non
336 3409 519 3483 Laertiaden,
536 3410 655 3470 exitium
671 3421 738 3471 tuae

256 3494 351 3568 Genti,
369 3514 428 3555 non
447 3495 561 3574 Pylium
576 3495 700 3555 Nestora
716 3496 861 3576 respicis?

255 3578 368 3657 Urgent
383 3579 518 3658 impavidi
534 3588 563 3638 te
579 3578 754 3641 Salaminius

334 3663 458 3736 Teucer,
474 3672 504 3724 te
519 3663 677 3724 Sthenelus
692 3664 790 3727 sciens

129 3782 329 3790 -.-—-...

213 3862 259 3913 XV
279 3879 301 3914 n.
321 3867 335 3916 5
354 3861 463 3914 Proteus
482 3866 587 3929 Pmpb„
614 3866 695 3917 schol.
725 3865 792 3916 stat.
817 3865 893 3920 Theb.
913 3866 955 3918 Vll
985 3870 1033 3919 330
1062 3867 1067 3935 Ι
1098 3868 1196 3920 beben

127 3935 164 3999 (a)
179 3934 184 4002 Ι
200 3933 232 3986 20
250 3932 333 3984 cultus
353 3933 358 3997 Ι
382 3933 413 3984 21
434 3931 560 3983 excidium
579 3933 613 3995 (v)
635 3933 639 3998 Ι
661 3935 694 3985 22
713 3935 796 4000 gentis
816 3937 820 4001 Ι
841 3936 873 3986 24
891 3933 988 3986 Teucer
1006 3941 1032 3986 et
