2656 4448
473 248 645 301 CARMlNUlll
663 249 673 300 l
691 253 730 302 25.
750 252 790 303 10.
810 254 849 303 21.

256 418 329 481 Cum
345 419 397 480 tibi
412 421 540 498 flagrans
555 437 638 479 amor
653 430 682 481 et
696 421 795 496 libido,

195 503 197 508 ’
256 504 338 575 Quae
354 505 429 566 solet
443 514 552 566 matres
567 504 675 566 furiare
691 524 846 584 equorum,

257 589 371 650 Saeviet
386 590 463 650 circa
479 591 560 650 iecur
575 589 754 664 ulcerosum,

331 674 398 735 Non
414 675 479 735 sine
494 683 610 752 questu,

255 809 343 870 Laeta
358 810 437 887 quod
452 809 547 888 pubes
562 808 670 868 hedera
685 809 792 869 virenti

256 894 387 955 Gaudeat
402 895 483 973 pulla
498 894 591 971 magis
605 902 693 971 atque
708 902 814 972 myrto,

255 979 358 1040 Aridas
373 979 489 1040 frondis
504 978 610 1039 hiemis
625 978 716 1039 sodali

335 1063 455 1124 Dedicet
471 1063 561 1124 Euro.

618 1314 709 1375 XXVI

256 1431 347 1493 Musis
362 1435 474 1494 amicus
489 1433 636 1494 tristitiam
653 1440 683 1491 et
696 1441 793 1494 metus

258 1516 383 1578 Tradam
399 1519 544 1597 protervis
559 1517 588 1576 in
606 1534 686 1576 mare
702 1516 849 1578 Creticum

305 1601 427 1663 Portare
443 1602 547 1675 ventis,
564 1601 629 1679 quis
644 1599 700 1662 sub
715 1603 804 1661 Arcto

356 1688 417 1747 Rex
432 1687 544 1766 gelidae
559 1693 708 1746 metuatur
722 1703 799 1759 crae,

257 1823 335 1894 Quid
351 1822 499 1883 Tiridaten
516 1830 634 1890 terreat,
651 1820 740 1881 unice

257 1909 397 1969 Securus.
427 1907 451 1968 0
468 1926 544 1986 quae
560 1905 692 1967 lontibus
707 1905 830 1984 integris

304 1992 429 2066 Gaudes,
445 1993 562 2071 apricos
578 1999 665 2051 necte
679 1991 778 2059 flores,

357 2077 459 2150 Necte,
475 2095 542 2139 meo
557 2077 676 2136 Lamiae
692 2093 843 2143 coronam,
951 2095 953 2100 ·

255 2212 355 2291 Piplea
371 2212 474 2274 dulcis
504 2213 551 2273 Nil
569 2211 634 2273 sine
650 2219 679 2271 te
695 2211 752 2269 mei

257 2296 387 2358 Prosunt
402 2298 548 2359 honores:
565 2297 646 2356 hunc
660 2295 767 2356 fidibus
783 2295 875 2369 novis,

303 2381 393 2443 Hunc
409 2382 517 2444 Lesbio
533 2399 649 2443 sacrare
664 2381 780 2459 plectro

355 2467 456 2545 Teque
473 2476 597 2545 tuasque
613 2465 697 2525 decet
713 2482 840 2525 sereres.

615 2717 720 2777 XXVll

257 2835 338 2896 Natis
353 2835 383 2894 in
400 2854 487 2896 usum
503 2836 619 2897 laetitae
634 2835 751 2913 scyphis

258 2922 396 2998 Pugnare
411 2920 560 2981 Thracum
576 2930 636 2981 est:
653 2920 744 2980 tollite
760 2917 918 2978 barbarum

303 3005 415 3066 Morem
431 3005 692 3083 verecundumque
708 3003 854 3064 Bacchum

357 3090 534 3168 Sanguineis
550 3090 707 3168 prohibete
722 3088 801 3149 rixis.

259 3223 333 3284 Vino
350 3233 380 3284 et
395 3223 525 3286 lucernis
541 3225 643 3286 Medus
660 3226 794 3285 acinaces

259 3307 382 3369 Inmane
397 3318 541 3387 quantum
558 3310 719 3389 discrepat:
737 3308 858 3387 impium

306 3393 410 3454 Lenite
426 3395 595 3468 clamorem,
611 3395 734 3466 sodales,

356 3477 393 3538 Et
408 3479 509 3539 cubito
525 3489 675 3540 remanete
690 3497 800 3557 presse.

217 3641 287 3694 XXV
304 3659 327 3710 p.
349 3645 379 3696 13
398 3644 491 3711 cupido
507 3644 512 3708 l
528 3647 560 3697 20
578 3645 655 3708 Enrc]
673 3646 712 3696 cd.
723 3646 865 3710 Argentin.
884 3661 909 3696 a.
925 3646 990 3698 1510
1009 3649 1072 3695 teate
1085 3646 1203 3711 duning-

129 3713 209 3762 dame
227 3711 360 3762 animadv.
375 3728 404 3777 p.
424 3714 464 3775 68,
483 3713 518 3762 al.
538 3713 573 3773 cf.
591 3714 677 3764 Bentl.
700 3718 725 3763 ct
741 3714 818 3764 Janii
839 3713 901 3764 adn.
922 3715 986 3778 (non
1012 3716 1041 3763 r'n
1058 3714 1160 3765 Aldina
1178 3731 1202 3768 a.

131 3782 196 3833 1501
215 3795 264 3830 nac
282 3782 312 3829 in
329 3780 430 3830 Aldine
449 3797 473 3833 a.
494 3782 581 3844 most:
601 3781 679 3832 hebro

215 3845 294 3898 XXVI
311 3864 336 3899 v.
356 3852 371 3900 5
390 3846 463 3908 Quod
481 3848 510 3898 M
526 3849 613 3912 (1879)
636 3849 640 3910 Ι
664 3852 680 3901 0
700 3847 812 3914 Pimplea
834 3850 899 3899 olim
919 3864 962 3913 vg.
987 3846 1096 3915 Pimplei
1117 3850 1202 3900 Bcntl.

128 3914 254 3982 Pimplae'r'
272 3914 301 3966 Ν
307 3916 429 3966 Heinsius
444 3917 448 3983 l
465 3918 497 3968 10
515 3919 623 3982 possunt
640 3914 676 3983 (v)
688 3917 828 3979 (Muretus,
848 3917 942 3979 Bentl.)
