2656 4448
510 216 680 270 unuuutunt
698 219 718 270 ll
737 223 760 272 1.
780 223 804 273 2.

253 389 327 450 luno
344 400 373 450 et
388 391 510 451 deorum
527 390 660 469 quisquis
675 390 796 450 amicior

254 475 331 535 Afris
347 475 438 536 inulta
455 484 583 536 cesserat
598 475 745 553 impotens

299 558 417 620 Tellure
432 560 577 621 victorum
595 569 718 638 nepotes

343 643 466 705 Rettulit
482 645 601 705 inlerias
616 644 785 723 iugurthae.

252 760 325 831 Quis
340 782 400 822 non
416 763 520 823 Latino
535 762 680 838 sanguine
695 763 836 841 pinguior

253 845 380 924 Campus
395 846 538 926 sepulcris
553 849 642 926 impia
658 848 769 925 proelia

299 931 436 991 Testatur
450 932 640 1010 auditumque
656 932 746 992 Medis

341 1016 501 1096 Hesperiae
516 1018 646 1077 sonitum
663 1014 789 1076 ruinae?

253 1132 310 1203 Qui
325 1153 434 1212 gurges
449 1145 500 1195 aut
513 1154 588 1213 quae
604 1135 725 1194 llumina
741 1134 875 1212 lugubris

253 1218 357 1297 Ignara
373 1218 464 1280 belli‘l
480 1221 559 1297 quod
576 1238 656 1280 mare
672 1219 803 1280 Dauniae

300 1303 365 1364 Non
382 1303 587 1365 decoloravere
603 1302 727 1365 caedes?

344 1387 426 1458 Quae
441 1399 522 1449 caret
537 1406 587 1449 ora
604 1407 709 1448 cruore
725 1387 855 1448 nostro‘l

253 1503 311 1564 Sed
327 1525 366 1565 ne
381 1506 499 1576 relictis,
516 1505 597 1566 Musa
612 1523 731 1583 procax,
746 1505 818 1565 iocis

253 1587 326 1649 Ceae
342 1599 484 1650 retractes
499 1608 622 1650 munera
637 1590 757 1663 Noniae,

300 1674 416 1735 lllecum
430 1675 562 1735 Dionaeo
578 1674 632 1734 sub
648 1683 733 1733 antro

343 1759 459 1830 Quaere
474 1759 577 1820 modos
592 1758 700 1818 leviore
716 1758 838 1836 plectro.

650 2011 677 2071 ll

255 2129 359 2192 Nullus
374 2141 497 2210 argento
513 2131 595 2192 color
610 2141 654 2192 est
670 2120 762 2191 abaris

254 2215 361 2275 Abdito
377 2216 473 2288 terris,
490 2217 607 2276 inimice
623 2217 736 2276 lamnae

255 2299 357 2378 Crispe
374 2301 499 2373 Sallusti,
517 2302 573 2362 nisi
589 2308 752 2380 temperato

300 2384 461 2462 Splendeat
476 2404 540 2446 usu.
647 2457 653 2466 ‚

253 2502 335 2563 Vivet
350 2511 469 2564 extento
485 2503 657 2564 Proculeius
672 2522 751 2576 aevo,

254 2586 348 2648 Notus
363 2588 393 2648 in
409 2590 515 2650 fratres
530 2589 618 2648 animi
635 2589 766 2667 paterni;

255 2671 339 2732 lllum
356 2684 422 2751 aget
436 2675 528 2753 pinna
544 2682 695 2734 metuente
710 2673 782 2733 solvi

300 2756 389 2817 Fama
404 2766 563 2836 superstes.

256 2872 355 2935 latius
370 2892 477 2952 regnes
491 2876 605 2936 avidum
621 2874 768 2935 domando

255 2958 397 3037 Spiritum
414 2978 500 3036 quam
516 2961 540 3020 si
556 2959 676 3038 Libyam
692 2958 813 3018 remotis

255 3041 383 3104 Gadibus
399 3044 504 3123 iungas
519 3053 548 3105 et
564 3053 689 3121 uterque
705 3043 823 3103 Poenus

300 3128 413 3188 Serviat
427 3129 490 3189 uni.
507 3162 545 3170 —

257 3245 369 3306 Crescit
383 3246 541 3326 indulgens
556 3246 612 3308 sibi
627 3245 708 3307 dirus
724 3246 852 3326 hydrops

255 3330 315 3391 Nec
331 3332 407 3391 sitim
423 3332 514 3410 pellit,
530 3332 587 3392 nisi
602 3350 690 3393 causa
705 3331 800 3391 morbi

255 3414 376 3493 Fugerit
390 3416 471 3477 venis
488 3425 517 3476 et
531 3435 659 3495 aquosus
674 3416 739 3475 albo
1130 3424 1158 3474 15

303 3499 434 3579 Corpore
450 3501 586 3579 languor.

213 3632 264 3685 lv.
291 3631 412 3700 [ta-36]
436 3632 465 3682 t*
482 3631 530 3700 (ef.
547 3631 720 3684 Bitscbclium
740 3647 828 3698 opusc.
847 3631 876 3682 lll
894 3635 995 3695 nov-sq,
1014 3635 1061 3696 qui
1079 3634 1158 3681 etiem
1176 3648 1200 3682 u.

128 3702 213 3752 9-12
232 3704 258 3749 et
276 3702 377 3752 25-28
395 3702 548 3752 seclusum
566 3704 633 3765 erat)
648 3699 653 3768 Ι
669 3703 701 3753 38
719 3700 826 3763 Noniae]
843 3700 903 3752 All:
922 3700 1011 3752 neniae

214 3767 234 3819 ll
251 3784 274 3821 a.
293 3771 307 3820 3
327 3772 466 3835 temperata
487 3768 514 3819 K.
534 3769 618 3819 Ftselt
630 3785 664 3818 zu
677 3769 740 3819 Hor.
761 3768 846 3820 Carne.
867 3768 887 3819 ll
908 3771 923 3820 2
944 3769 1045 3831 Argoo.
1065 3767 1137 3818 1883.
1152 3770 1175 3816 4.
1196 3764 1200 3832 l
1231 3825 1232 3828 Ἴ

128 3836 222 3886 buiuit
244 3836 248 3900 Ι
269 3841 283 3888 'l
303 3837 356 3901 agit
375 3841 379 3901 1
400 3851 482 3903 penna
503 3838 507 3902 Ι
535 3839 566 3887 14
584 3835 659 3901 pellis
680 3836 773 3886 O.Pctl
790 3838 925 3888 animadv.
944 3838 1004 3886 crit.
1023 3836 1053 3883 in
1071 3833 1100 3896 Q.
1114 3834 1144 3885 H.
1158 3833 1202 3884 Fl.

128 3903 171 3956 od.
190 3904 235 3957 lib.
248 3903 268 3955 ll
284 3919 352 3970 sprec.
369 3905 438 3968 (Hal.
458 3906 534 3967 1864)
550 3919 577 3968 p.
595 3907 609 3956 'l
628 3921 666 3968 sq,
