2656 4448
582 219 754 272 GARllllNUll
772 221 783 272 l
801 225 841 275 30.
860 224 900 275 31.

695 393 774 454 XXX

328 510 352 571 0
369 511 478 584 Venus,
495 512 597 589 regina
613 511 696 572 Cnidi
713 512 872 591 Paphique‚

325 595 441 674 Sperne
457 596 590 657 dilectam
608 596 725 676 Cypron
742 606 772 658 et
786 598 919 659 vocantis

325 680 405 741 Ture
420 689 449 741 te
464 682 556 743 multo
574 681 713 760 Glycerae
729 684 864 743 decoram

404 765 546 826 Transfer
560 766 590 827 in
608 768 719 827 aedem.

266 893 281 943 o
326 883 466 944 Fervidus
482 893 579 944 tecum
595 903 671 962 puer
686 893 715 945 et
730 884 834 945 solutis

325 968 440 1028 Gratiae
455 969 538 1029 zonis
553 978 774 1047 properentque
790 968 940 1048 Nymphae

326 1052 363 1113 Et
377 1071 479 1131 parum
496 1054 588 1114 comis
604 1053 668 1114 sine
684 1062 713 1114 te
728 1053 865 1116 luventas

400 1137 635 1215 Mercuriusque,

685 1475 777 1535 XXXI

315 1592 403 1663 Quid
418 1592 583 1653 dedicatum
599 1593 696 1672 poscit
710 1594 876 1672 Apollinem

324 1676 433 1739 Vates?
451 1679 519 1756 quid
537 1687 609 1750 orat,
626 1679 661 1738 de
679 1686 778 1756 patera
796 1697 904 1739 novum

371 1763 512 1824 Fundeus
528 1760 695 1841 liquorem‘l
712 1782 772 1823 non
790 1763 905 1841 opimae

423 1847 575 1908 Sardiniae
591 1855 706 1924 segetes
722 1848 834 1919 feracis,

272 1976 287 2025 5
329 1965 394 2025 Non
412 1974 564 2026 aestuosae
579 1973 659 2044 grata
676 1965 823 2026 Calabriae

326 2052 477 2122 Armenta,
494 2069 554 2110 non
571 2068 675 2110 aurum
692 2059 741 2111 aut
756 2051 829 2111 ebur
845 2051 988 2124 lodicum,

370 2135 436 2195 Non
454 2153 532 2207 rura,
550 2153 624 2212 quae
640 2135 715 2196 liris
731 2136 828 2214 quieta

422 2219 536 2281 Mordet
551 2238 626 2297 aqua
642 2221 806 2282 taciturnus
821 2220 925 2281 amnis.

329 2337 470 2398 Premant
486 2337 620 2399 Calenam
638 2338 711 2399 lalce
727 2339 833 2416 quibus
849 2339 929 2400 dedit

256 2432 285 2483 to
328 2422 459 2483 Fortuna
474 2423 571 2495 vitem,
588 2423 668 2484 dives
684 2431 716 2483 ut
731 2425 826 2485 aureis

372 2507 518 2568 Mercator
532 2508 660 2569 exsiccet
675 2507 780 2568 culillis

423 2592 496 2652 Vina
513 2594 584 2671 Syra
600 2603 733 2671 reparata
749 2612 858 2665 merce,

330 2711 381 2773 Dis
396 2729 482 2774 carus
497 2711 578 2791 ipsis,
594 2713 704 2792 quippe
719 2722 765 2773 ter
780 2722 809 2773 et
824 2720 926 2790 quater

327 2797 414 2857 Anno
430 2798 561 2859 revisens
576 2815 688 2876 aequor
704 2797 879 2857 Atlanticum

254 2891 282 2941 15
369 2882 510 2960 lmpune;
527 2902 574 2944 me
588 2892 715 2962 pascunt
731 2883 830 2955 olivae,

421 2966 467 3027 Me
484 2967 618 3028 cichorea
634 2968 772 3045 levesque
787 2965 905 3027 malvae.

328 3083 397 3143 Frui
412 3083 521 3162 paratis
537 3092 567 3143 et
580 3085 673 3146 valido
688 3085 770 3157 mihi,

327 3165 425 3241 lotoe,
442 3169 535 3228 dones
552 3186 595 3240 ac,
610 3186 726 3247 precor,
746 3169 859 3245 integra

375 3253 447 3312 Cum
463 3261 563 3312 mente
580 3270 634 3311 nec
649 3261 768 3330 turpem
784 3259 931 3311 senectam

254 3349 285 3398 ao
429 3337 542 3415 Degere
558 3355 614 3396 neo
629 3335 739 3396 cithara
755 3345 913 3396 carentem.

196 3473 400 3480 -—-——--

284 3584 363 3636 XXXl
380 3602 404 3637 o.
423 3588 524 3650 [tt-to]
544 3589 561 3638 d
587 3586 592 3652 l
614 3589 630 3639 9
648 3585 775 3651 Calenam]
789 3588 883 3652 Porplt.
898 3585 1017 3654 (Bentl.):
1037 3584 1128 3637 Calena
1150 3583 1155 3653 Ι
1180 3589 1211 3639 10
1224 3583 1268 3652 etl

194 3657 360 3773 llmlllltcdllt
383 3656 418 3719 (o)
446 3653 510 3706 Tun.
534 3656 624 3707 Faber
650 3654 756 3723 (tenu.)
789 3659 793 3720 Ι
829 3658 859 3709 18
887 3658 925 3718 ac]
955 3671 971 3706 u
998 3654 1117 3721 (Bcntdp
1144 3657 1171 3706 al
1199 3671 1214 3704 v
1243 3659 1271 3705 et
