2656 4448
127 211 169 270 34
516 209 688 263 corrumpit
707 211 726 263 ll
744 215 768 264 5.
787 213 810 263 6.

200 396 215 443 0
259 384 341 445 Circa
357 384 479 445 virentis
494 391 539 444 est
553 384 670 445 animus
685 393 752 444 tuae

260 469 385 547 Campos
401 469 550 541 iuvencae,
567 487 648 529 nunc
663 468 758 528 fluviis
774 486 889 545 gravem

308 554 436 614 Solantis
453 562 575 627 aestum,
592 572 673 613 nunc
689 554 719 613 in
736 554 794 613 udo

348 636 462 698 Ludere
478 656 544 698 oum
561 638 657 700 vitulis
672 638 773 699 salicto

260 755 496 834 Praegestientis.
541 756 623 815 Tolle
639 756 808 834 cupidinem

188 850 215 899 10
259 839 374 902 lnmitis
390 858 478 900 uvae:
494 840 551 900 iam
567 840 619 901 tihi
635 840 737 900 lividos

303 924 471 1004 Distinguet
485 935 645 985 autumnus
660 943 792 985 racemos

350 1009 504 1088 Purpureo
520 1010 616 1070 varius
631 1009 742 1070 colore.

259 1127 320 1188 lam
335 1136 363 1187 te
380 1137 520 1205 sequetur
535 1162 548 1172 -
564 1128 658 1187 currit
672 1126 752 1186 enim
768 1127 850 1188 101011

261 1211 347 1272 Aetas
363 1222 392 1273 et
407 1213 458 1285 1111,
476 1232 550 1289 quos
566 1211 618 1272 tibi
635 1212 804 1290 dempserit,

188 1306 216 1355 15
301 1297 438 1375 Adponet
453 1315 547 1357 annos
561 1330 575 1342 ·
592 1343 599 1369 ,
615 1297 671 1356 iam
688 1304 822 1375 proterva

351 1380 462 1442 Fronte
478 1391 558 1461 petet
573 1381 679 1459 Lalage
694 1381 841 1454 maritum,

262 1498 383 1572 Dilecta,
401 1508 543 1578 quantum
561 1518 620 1559 non
638 1500 749 1560 Pholoe
764 1499 860 1577 fugax,

263 1583 328 1644 Non
346 1584 468 1657 Chloris,
485 1584 551 1645 albo
567 1584 608 1644 sic
624 1603 728 1645 umero
746 1585 852 1659 nitens,

307 1669 344 1729 Ut
358 1687 433 1748 pura
450 1678 599 1729 nocturno
615 1670 730 1729 renidet

190 1764 218 1814 10
355 1754 438 1814 Luna
454 1754 527 1813 mari
544 1753 699 1814 Cnidiusve
715 1754 820 1832 Gyges,

263 1870 359 1941 Quem
374 1872 398 1932 si
415 1872 577 1949 puellarum
594 1871 740 1932 insereres
756 1872 856 1946 choro,

265 1956 337 2015 Mire
351 1956 463 2034 sagacis
478 1956 591 2016 falleret
606 1956 737 2034 hospites

312 2040 477 2100 Discrimen
494 2041 651 2102 obscurum
669 2041 773 2101 solutis

353 2125 493 2186 Crinibus
508 2124 705 2204 ambiguoque
719 2127 809 2185 voltu.

652 2378 686 2437 Vl

269 2493 401 2572 Septimi,
419 2494 505 2556 Gadis
517 2495 630 2556 aditure
645 2513 763 2556 mecum
778 2506 807 2557 et

269 2578 450 2639 Cantabrum
466 2580 617 2641 indoctum
633 2580 700 2658 iuga
717 2582 795 2641 ferre
811 2590 911 2642 nostra
926 2591 956 2641 et

264 2662 407 2724 barbaras
423 2664 526 2743 Syrtis,
543 2664 593 2724 ubi
608 2665 708 2725 Maura
723 2684 841 2745 semper

343 2749 464 2810 Aestuat
479 2750 567 2823 unda,

207 2878 221 2925 0
266 2866 358 2926 Tibur
374 2870 469 2944 Argeo
486 2866 614 2945 positum
629 2868 736 2930 colono

266 2952 310 3011 Sit
325 2969 408 3011 meae
423 2950 508 3011 sedes
524 2953 636 3014 utinam
652 2963 801 3036 senectae,

266 3036 309 3097 Sit
325 3035 430 3096 modus
446 3036 521 3097 lasso
539 3039 626 3100 maris
642 3048 671 3100 et
685 3039 796 3100 viarum

344 3119 538 3198 Militiaequc;

268 3237 351 3297 Unde
367 3237 391 3298 si
408 3237 515 3298 Parcae
530 3239 690 3316 prohibent
706 3239 834 3317 iniquae,

198 3332 225 3383 10
269 3322 360 3384 Dulce
375 3322 483 3401 pellitis
499 3322 602 3384 ovibus
618 3324 729 3385 Galaesi

269 3407 392 3468 Flumen
410 3417 439 3468 et
454 3417 574 3486 regnata
589 3416 685 3486 petam
702 3408 813 3469 Laconi

344 3492 423 3552 Rura
439 3493 611 3554 Phalantho.
626 3529 669 3537 —

139 3625 217 3632 —-.
230 3628 342 3636 ——-,

229 3738 251 3786 V
278 3756 301 3790 0.
331 3743 363 3795 12
387 3742 471 3794 varios
494 3746 530 3808 (o)
551 3745 636 3797 Bentl.
662 3745 666 3811 l
694 3748 725 3798 13
753 3750 836 3798 curret
859 3745 863 3811 Ι
888 3745 959 3796 ferox
986 3752 1012 3796 et
1043 3745 1121 3811 fugax
1139 3763 1164 3801 0.
1185 3751 1218 3802 17

144 3806 230 3857 locum
248 3810 321 3858 inter
337 3826 365 3858 se
381 3814 488 3860 mutare
503 3816 647 3878 proposuit
664 3814 798 3880 Cruquiua

228 3873 260 3926 Vl
278 3892 301 3926 0.
321 3879 334 3926 'l
354 3876 444 3930 domos
461 3879 521 3929 11-12
