2656 4448
142 211 203 270 222
521 212 751 266 EPISTULARUM
767 214 787 266 ll
805 217 829 268 2.

227 386 345 456 Quanto
369 405 436 447 cum
460 389 546 460 l'astu,
569 397 680 464 quanto
702 386 856 447 molimine
878 386 990 447 circum

228 471 402 549 Spectemus
422 490 542 533 vacuam
566 471 706 532 Romanis
727 471 842 531 vatibus
863 472 981 545 aedem;

154 566 183 617 95
227 556 295 617 Mox
318 557 415 631 etiam,
438 557 462 618 si
485 559 562 617 lorte
584 574 677 629 vacas,
701 575 827 635 sequere
849 568 879 616 et
901 559 1006 636 procul
1027 559 1106 634 audi,

226 641 303 712 Ouid
326 643 399 702 serat
421 653 530 720 etqua
552 661 585 702 re
607 641 663 702 sibi
685 652 785 702 nectat
807 652 931 719 uterque
954 661 1106 706 coronam.

226 726 380 789 Caedimur
402 737 432 787 et
454 727 574 788 totidem
598 725 690 806 plagis
713 726 917 788 consumimus
938 727 1052 790 hostem

225 811 320 872 Lento
344 811 490 872 Samnites
512 812 547 872 ad
570 811 681 872 lumina
704 810 798 890 prima
820 811 928 872 duello.

226 896 351 958 Discedo
374 897 498 957 Alcaeus
520 906 632 977 puncto
656 896 742 969 illius,
764 896 813 958 ille
836 915 902 956 meo
925 895 1013 976 quis‘l

226 981 299 1052 Quis
322 982 379 1042 nisi
401 979 617 1043 Callimachus?
639 982 663 1043 si
686 982 753 1061 plus
774 982 935 1060 adposcere
956 983 1045 1056 visus,

225 1067 271 1127 rit
292 1066 485 1128 Mimnermus
508 1075 537 1127 et
558 1067 657 1146 optivo
680 1067 859 1144 cognomine
881 1068 996 1128 crescit.

224 1152 314 1212 blulta
336 1152 411 1225 lero,
435 1161 466 1213 ut
489 1152 602 1231 placem
624 1170 719 1230 genus
740 1150 888 1212 inritabile
911 1162 1018 1227 vatum,

224 1236 297 1297 Cum
319 1235 419 1297 scribo
442 1247 471 1298 et
492 1238 618 1317 supplex
639 1237 743 1317 populi
764 1235 903 1314 suffragia
925 1246 1028 1316 capto;

221 1322 302 1383 ldem
324 1321 415 1383 finitis
436 1322 539 1384 studiis
563 1331 592 1384 et
613 1331 712 1383 mente
735 1331 854 1401 recepta

224 1406 368 1468 Obturem
390 1407 504 1486 patulas
526 1408 648 1487 impune
670 1407 837 1484 legentibus
860 1407 948 1468 auris.
972 1443 1013 1453 -

223 1492 368 1553 Ridentur
391 1492 465 1552 mala
487 1495 537 1571 qui
562 1502 748 1572 componunt
771 1493 910 1568 carmina,
933 1511 1034 1553 verum

224 1577 360 1638 Gaudent
381 1578 545 1639 scribentes
567 1588 597 1638 et
619 1597 651 1639 se
672 1588 852 1638 venerantur
874 1589 904 1638 et
925 1577 1012 1652 ultro,

223 1663 253 1724 Si
276 1673 382 1736 taceas,
405 1664 526 1723 laudant
548 1661 690 1742 quidquid
711 1662 857 1743 scripsere
880 1662 968 1723 beati.

221 1753 259 1808 At
281 1748 332 1826 qui
354 1748 517 1826 legitimum
542 1748 642 1827 cupiet
663 1748 768 1809 lecisse
789 1766 894 1826 poema

223 1832 296 1893 Cum
318 1832 424 1893 tabulis
446 1834 578 1894 animum
601 1833 733 1893 censoris
755 1843 851 1893 sumet
872 1833 1005 1905 honesti3

220 1919 357 1991 Audebit,
380 1937 585 1997 quaecumque
607 1936 712 1997 parum
734 1918 901 1997 splendoris
922 1916 1076 1978 habebunt

220 2002 258 2062 Et
280 2003 344 2063 sine
366 2005 498 2082 pondere
521 2014 610 2063 erunt
632 2003 797 2063 ethonore
820 2003 940 2082 indigna
962 2004 1107 2077 ferentur,

222 2087 315 2148 Verba
338 2106 456 2147 movere
479 2089 555 2161 loco,
580 2088 712 2166 quamvis
734 2082 824 2147 invita
847 2089 988 2148 recedant

219 2171 257 2232 Et
278 2180 435 2232 versentur
456 2173 552 2232 adhuc
574 2173 653 2233 inter
673 2173 835 2251 penetralia
857 2172 961 2234 Vestae
968 2191 977 2247 ;

220 2256 384 2318 Obscurata
407 2256 456 2316 diu
480 2258 591 2336 populo
615 2257 711 2317 bonus
735 2268 818 2317 eruet
841 2268 930 2337 atque

220 2342 356 2403 Proleret
377 2343 407 2402 in
431 2342 528 2402 lucem
550 2343 682 2422 speciosa
704 2342 844 2403 vocabula
868 2362 979 2415 rerum,

220 2427 302 2498 Quae
325 2428 430 2506 priscis
452 2437 612 2489 memorata
635 2427 795 2490 Catonibus
817 2439 906 2506 atque
929 2427 1063 2506 Cethegis

219 2514 306 2573 Nunc
328 2514 402 2574 situs
424 2513 560 2574 informis
583 2514 691 2593 premit
713 2525 743 2574 et
765 2515 879 2574 deserta
901 2522 1047 2587 vetustas3

217 2599 368 2659 Adsciscet
390 2618 474 2672 nova,
498 2617 575 2677 quae
596 2600 715 2678 genitor
737 2598 911 2678 produxerit
932 2616 1011 2658 usus.

218 2684 346 2744 Vemens
368 2694 397 2744 et
418 2684 547 2760 liquidus
569 2703 705 2763 puroque
728 2683 893 2744 simillimus
915 2682 994 2742 amni

218 2768 335 2828 Fundet
357 2788 429 2848 opes
451 2767 627 2846 Latiumque
649 2768 748 2829 beabit
770 2768 857 2830 divite
880 2768 997 2846 lingua:

217 2853 410 2913 Luxuriantia
433 2863 612 2932 compescet,
636 2853 723 2915 nimis
746 2872 851 2932 aspera
874 2871 945 2914 sano
1047 2912 1048 2918 ,

217 2937 340 2999 Levabit
361 2939 451 3014 cultu,
474 2939 581 3000 virtute
604 2938 735 2999 carentia
757 2938 849 3012 tollet,

217 3023 335 3085 Ludent
336 3025 360 3084 is
323 3025 512 3103 tspeciem
535 3024 615 3084 dabit
637 3037 666 3084 et
689 3024 885 3102 torquebitur,
908 3033 941 3082 ut
964 3020 1013 3098 qui

216 3109 302 3170 Nunc
326 3110 471 3189 Satyrum,
495 3129 577 3170 nunc
599 3120 745 3188 agrestem
768 3109 895 3189 Cyclopa
917 3126 1001 3166 move
1002 3113 1060 3165 t.ur
1084 3138 1127 3149 —

215 3194 409 3254 Praetulerim
431 3194 559 3273 scriptor
581 3194 718 3256 delirus'
712 3213 852 3272 inersque
875 3192 976 3285 videri,

215 3279 292 3338 Dum
316 3298 378 3339 mea
401 3279 548 3340 delectent
570 3280 644 3339 mala
666 3299 713 3340 me
736 3279 781 3339 vel
803 3261 968 3356 deniquef
954 3275 1064 3347 fallant,

216 3363 310 3434 Quam
334 3383 438 3442 sapere
460 3374 489 3424 et
511 3363 611 3460 ringil
655 3364 723 3424 Fuit
745 3364 823 3424 haud
846 3362 984 3442 ignobilis
1007 3360 1104 3438 Argis

215 3448 273 3519 Qui
295 3467 326 3510 se
349 3447 488 3509 credebat
510 3449 601 3510 miros
623 3450 758 3510 audiret
746 3449 903 3526 tragoedos

128 3542 172 3594 130
215 3532 249 3595 ln
274 3552 364 3595 vacuo
387 3534 480 3595 laetus
503 3553 600 3595 sessor
622 3535 801 3613 plausorque
823 3535 949 3604 theatro,

213 3769 274 3822 llv.
294 3773 422 3838 ltdquere
441 3772 496 3834 1111
515 3772 562 3821 105
581 3768 812 3837 eniteretque
831 3770 945 3821 teruntur
964 3783 979 3817 v
997 3765 1112 3817 fruentur
1129 3769 1205 3814 recte

127 3788 361 3970 fgthgorkelim
372 3839 444 3891 anal.
462 3840 555 3889 Horat.
571 3854 599 3905 p.
617 3840 723 3903 ttsqq
744 3839 748 3905 Ι
774 3841 824 3892 114
841 3837 906 3888 intra
924 3850 969 3900 vg.
993 3836 998 3902 Ι
1024 3834 1071 3886 123
1090 3831 1200 3884 calentia
