2656 4448
508 198 681 251 GARllllNUll
697 199 730 250 lV
750 203 772 253 6.
793 204 815 252 l.

251 369 347 451 Nupta
370 371 426 429 iam
450 369 528 430 dices
548 362 617 447 ‘ego
640 371 685 432 dis
707 372 842 444 amicum,

252 453 376 515 Saeculo
401 456 488 515 festas
512 456 659 515 relerente
682 456 771 530 luces,

252 540 375 600 Reddidi
399 557 516 599 carmen
542 539 644 601 docilis
667 540 822 601 modorum

328 624 406 684 Vatis
429 618 550 684 Horati.J

589 761 738 772 ——-—-

640 912 690 972 Vll

253 1028 404 1109 Diffugere
427 1030 517 1103 nives,
540 1031 667 1091 redeunt
688 1031 744 1091 iam
768 1033 899 1109 gramina
922 1031 1033 1109 campis

301 1115 523 1211 Arboribusque
547 1133 657 1187 comae,

252 1196 346 1259 Mutat
335 1209 445 1260 tterra
467 1218 544 1260 vices
567 1210 597 1259 e
586 1200 818 1262 [decrescentia
843 1200 921 1279 ripas

299 1283 435 1344 Flumina
458 1292 658 1363 praetereunt,

197 1375 211 1424 5
256 1368 334 1428 Grat'
314 1377 353 1428 tm
376 1387 442 1429 cum
466 1369 608 1449 Nymphis
630 1370 814 1449 geminisque
837 1370 989 1430 sororibus
1011 1369 1098 1429 audet

301 1454 416 1513 Ducere
440 1453 517 1514 nuda
541 1455 657 1515 choros

253 1537 420 1599 lomortalia
445 1558 483 1598 ne
505 1557 614 1617 speres,
639 1547 740 1599 monet
762 1557 859 1600 annus
881 1546 910 1599 e
899 1538 1039 1599 talmum

301 1623 382 1694 Quae
404 1624 481 1702 rapit
502 1624 575 1683 hora
598 1625 684 1684 diem.

252 1707 373 1789 Frigora
396 1708 557 1769 mitescunt
579 1709 729 1789 Zephyris,
751 1728 802 1769 ver
824 1708 950 1788 proterit
971 1716 1064 1769 aestas

181 1799 209 1851 10
270 1793 462 1865 interitura,
485 1793 572 1853 simul

251 1877 380 1937 Pomiser
402 1887 560 1938 autumnus
583 1879 682 1956 fruges
706 1878 842 1940 elluderit
864 1888 893 1938 et
914 1896 982 1937 mox

300 1963 408 2021 Bruma
432 1963 558 2022 recurrit
579 1963 669 2023 iners.

253 2044 364 2106 Damna
387 2057 485 2106 tamen
510 2047 621 2108 celeres
644 2058 783 2127 reparant
805 2047 939 2108 caelestia
962 2048 1064 2107 lunae:

301 2131 360 2191 Nos
383 2130 434 2190 ubi
457 2131 627 2205 decidimus

182 2223 210 2273 15
255 2214 321 2285 Quo
345 2225 394 2294 pat
395 2235 427 2275 er
382 2217 571 2288 t,Aeneas
595 2236 654 2295 quo
678 2217 780 2278 Tullus
803 2218 881 2278 dives
904 2227 931 2277 et
953 2218 1065 2289 AncuS,

298 2301 448 2361 Pulviset
471 2302 573 2362 umbra
597 2321 707 2362 sumus.
731 2339 772 2347 -

253 2384 325 2453 Quis
348 2386 403 2447 scit
425 2403 461 2445 an
485 2386 611 2447 adiciant
634 2388 793 2447 hodiernae
816 2386 943 2447 crastina
966 2403 1098 2446 summae

301 2471 447 2549 Tempora
469 2470 497 2530 di
521 2469 643 2550 superi?

252 2552 364 2616 Cuncta
388 2574 493 2617 manus
516 2557 612 2618 avidas
634 2558 686 2616 suo
668 2557 748 2634 giem
771 2556 898 2628 heredis,
921 2554 1014 2615 amico

179 2649 208 2698 20
294 2640 375 2709 Quae
398 2639 513 2701 dederis
535 2643 643 2701 animo.

254 2723 324 2784 Cum
349 2726 438 2787 semel
462 2727 605 2786 occideris
628 2726 715 2785 etde
738 2734 767 2784 te
790 2724 942 2803 splendida
966 2723 1062 2786 Minos

299 2810 415 2871 Fecerit
437 2811 565 2882 arbitria,

252 2893 330 2967 Non,
353 2895 511 2973 Torquate,
534 2913 637 2974 genus,
662 2913 721 2954 non
746 2904 775 2954 te
799 2893 944 2963 facundia,
969 2911 1029 2953 non
1053 2900 1082 2953 te

300 2980 446 3040 Restituet
467 2981 577 3059 pietas;

180 3072 208 3120 25
253 3063 382 3124 Infernis
405 3083 502 3143 neque
525 3066 602 3124 onim
626 3063 759 3124 tenebris
782 3063 872 3123 Diana
896 3061 1037 3141 pudicum

299 3148 416 3208 Liberat
441 3150 630 3228 Hippolytum

253 3230 314 3292 Nec
336 3233 462 3293 Lethaea
485 3234 560 3292 valet
583 3234 713 3293 Theseus
737 3232 912 3310 abrumpere
934 3250 1003 3291 caro

303 3317 424 3377 Vincula
447 3317 588 3377 Pirithoo.

125 3485 328 3493 ———-...

212 3601 255 3653 Vll
273 3619 296 3654 o.
319 3606 348 3655 15
368 3606 448 3669 pater]
467 3627 500 3647 =
518 3602 574 3653 Ba:
595 3602 652 3668 pius
677 3600 680 3665 Ι
708 3599 780 3652 diues
792 3600 881 3653 Tullus
908 3600 912 3665 Ι
942 3604 971 3652 11
993 3601 1037 3667 qui
1056 3600 1138 3652 scite
1160 3601 1205 3669 qui

128 3672 178 3723 scis
196 3672 232 3735 (v)
247 3670 252 3738 Ι
268 3672 336 3722 uitae
354 3672 391 3722 Ba
405 3672 440 3736 (o)
456 3670 459 3738 l
477 3673 508 3722 lt)
522 3669 589 3721 avidi
608 3672 641 3720 ei.
660 3671 746 3723 Bentl.

590 3845 738 3855 ·—-—.
