2656 4448
547 219 736 272 sarmarum
756 222 776 272 ll
795 226 819 276 5.

226 381 304 450 ‘Dixi
328 389 464 468 equidem
487 399 517 450 et
538 390 620 450 dico:
644 403 745 469 captes
768 401 882 454 astutus
905 393 1015 472 ubique

230 475 416 536 Testamenta
439 493 545 536 senum
567 494 636 546 neu,
659 477 683 536 si
705 479 786 537 vafer
809 498 887 539 unus
909 491 938 539 et
961 481 1034 541 alter

231 559 436 620 lnsidiatorem
460 578 601 638 praeroso
626 561 735 639 fugerit
757 565 854 634 hamo,
1193 579 1221 629 25

229 646 288 704 Ant
310 644 394 723 spem
416 644 547 723 deponas
570 655 620 705 aut
641 656 734 706 artem
756 648 872 708 inlusus
896 649 1021 711 omittas.

231 729 335 805 Magna
358 730 492 789 minorve
515 732 581 790 loro
603 731 627 791 si
651 750 698 792 res
721 732 884 793 certabitur
906 733 985 806 olim,

228 814 310 874 Vivet
333 824 399 874 uter
420 814 553 893 locuples
576 816 640 876 sine
663 818 770 895 gnatis,
793 817 956 896 improbus,
978 820 1057 880 ultro

228 898 285 969 Qui
308 899 460 960 meliorem
482 901 575 959 audax
599 913 683 960 vocet
704 902 734 961 in
758 903 813 974 ius,
835 903 912 964 illius
935 913 997 964 esto

227 983 382 1056 Defensor,
405 985 479 1043 sama
504 987 595 1045 civem
619 1005 766 1065 causaque
789 989 919 1066 priorem
1188 1003 1217 1052 tt

223 1069 356 1170 Sperne
376 1069 454 1129 domi
478 1072 502 1130 si
524 1081 632 1145 gnatus
654 1072 710 1131 erit
732 1074 893 1133 fecundave
915 1074 1056 1134 coniunx.

223 1143 356 1224 ‘Quinte
375 1167 448 1255 puta
461 1165 512 1214 aut
523 1147 670 1215 ‘Publi'-
656 1157 817 1236 -gaudent
832 1160 1026 1237 praenomine
1041 1159 1145 1222 molles

227 1239 419 1300 Anriculae-
439 1232 506 1299 ‘tihi
529 1259 576 1299 me
598 1242 691 1302 virtus
713 1253 761 1302 tua
785 1243 856 1303 lecit
877 1244 1018 1320 amicum;

227 1324 276 1386 lus
299 1343 409 1402 anceps
432 1325 510 1397 novi,
534 1344 637 1386 causas
660 1327 820 1388 defendere
843 1347 975 1406 possum,

213 1408 342 1488 ·Eripiet
363 1409 457 1490 quivis
479 1409 582 1471 oculos
605 1411 690 1472 citius
712 1412 783 1471 mihi
806 1431 895 1491 qnam
917 1424 947 1473 te
1188 1427 1216 1477 ³5

228 1493 436 1572 contemptum
460 1513 540 1556 cassa
564 1513 640 1555 nuce
645 1508 826 1596 pauperet3
849 1499 921 1558 haec
944 1517 1008 1559 mea
1031 1517 1101 1560 cura
1125 1510 1179 1575 est,

224 1579 340 1659 Neqnid
361 1589 393 1639 tn
415 1579 523 1657 perdas
546 1599 605 1640 nen
627 1580 668 1641 sis
690 1572 790 1642 iocus.
831 1583 877 1642 lre
899 1583 1018 1644 domum
1041 1594 1129 1662 atque

101 1724 122 1736 „
152 1693 154 1696 ·
226 1664 394 1726 Pellicnlam
417 1683 522 1725 curare
543 1665 626 1742 iube3
649 1667 669 1725 ti
692 1668 829 1746 cognitor
850 1667 923 1745 ipse,

226 1749 328 1812 Persta
348 1758 436 1827 atque
459 1749 582 1822 obdura,
604 1769 657 1812 sen
679 1751 769 1812 rubra
792 1753 925 1812 canicula
947 1753 1040 1814 findet

225 1833 349 1896 Infantis
371 1845 482 1896 statuas
504 1855 555 1896 sen
578 1836 683 1932 pingui
704 1847 805 1898 tentus
828 1856 927 1898 omaso
1186 1851 1216 1902 40

163 1918 167 1928 “
224 1919 332 1981 Furius
353 1919 494 1981 hibernas
515 1939 590 1981 cana
614 1922 679 1982 nive
702 1932 848 2000 conspuet
871 1923 960 2001 Alpis.

222 1997 344 2067 ‘Nonne
365 1995 464 2078 vides‚'
490 2007 596 2084 aliquis
618 2007 718 2067 cubito
688 2016 868 2069 tstantem
891 2025 986 2086 prope
1008 2017 1135 2108 tangens

225 2083 371 2168 lnquiet‘
376 2101 410 2151 ut
431 2091 557 2168 patiens,
581 2103 615 2151 ut
636 2093 738 2153 amicis
761 2104 855 2189 aptus,
878 2103 911 2153 ut
933 2084 1035 2153 acer‘l'

226 2176 328 2238 Plures
351 2175 536 2236 adnabuntt
524 2177 631 2256 thynni
653 2189 683 2237 et
705 2179 812 2238 cetaria
835 2189 980 2240 crescent.

226 2261 307 2322 Sicui
329 2270 482 2340 praeterea
505 2262 616 2322 validus
638 2264 714 2323 male
735 2264 843 2324 filins
836 2283 866 2323 m
890 2282 922 2324 re

223 2346 376 2406 Praeclara
399 2345 530 2407 sublatus
553 2348 656 2420 aletur,
680 2367 717 2407 ne
741 2349 929 2409 manifestum

226 2431 350 2492 Caelibis
372 2430 548 2509 obsequium
571 2433 665 2492 nudet
686 2443 726 2504 te,
748 2434 856 2493 leniter
879 2434 909 2492 in
932 2451 1016 2511 spem

223 2517 339 2595 Adrepe
362 2517 520 2589 officiosus,
544 2527 577 2576 ut
599 2528 628 2577 et
649 2517 779 2577 scribare
802 2516 952 2578 secundus

223 2601 317 2662 Heres
339 2611 377 2674 et,
400 2602 492 2679 siquis
515 2620 599 2662 casus
622 2620 748 2680 puerum
771 2602 864 2681 egerit
887 2601 975 2672 Orco,

224 2687 257 2746 ln
281 2705 406 2747 vacuum
428 2687 543 2762 venias;
567 2705 691 2765 perraro
713 2688 785 2747 haec
807 2688 869 2746 alea
891 2685 973 2746 fallit.
996 2720 1038 2729 —
1184 2697 1214 2747 to

223 2771 280 2842 Qui
303 2780 512 2832 testamentum
535 2773 631 2832 tradet
651 2773 705 2832 tibi
728 2790 857 2850 cumque
879 2771 1047 2850 legendnm,

222 2857 363 2917 Abnuere
385 2866 415 2917 et
436 2856 551 2917 tabulas
573 2876 589 2916 a
611 2867 641 2918 te
663 2876 814 2917 removere
836 2865 997 2924 memento,

223 2942 272 3001 Sic
294 2952 407 3015 tamen,
430 2951 463 3002 ut
484 2941 561 3003 limis
584 2944 689 3022 rapias,
714 2942 784 3020 quid
807 2943 901 3020 prima
924 2939 1056 3001 secundo

224 3025 297 3087 Cera
321 3027 389 3087 velit
410 3045 513 3101 versn;
537 3027 617 3088 solus
639 3029 779 3088 multisne
803 3028 935 3098 coheres,

222 3110 321 3171 Veloci
343 3130 486 3190 percurre
508 3113 605 3173 oculo
650 3113 828 3189 Plerumque
849 3120 986 3172 recoctus
1182 3122 1211 3171 55

223 3197 325 3256 Scriba
349 3216 384 3256 ex
408 3197 603 3275 quinqueviro
627 3216 747 3258 corvum
771 3197 890 3257 deludet
911 3197 1043 3256 hiantem

223 3281 296 3359 Capt
297 3292 420 3359 atorque
443 3281 523 3342 dabit
544 3283 620 3344 risus
642 3283 746 3343 Nasica
769 3271 902 3343 Corano?

221 3366 298 3426 Num
320 3363 415 3426 furis?
437 3385 473 3427 an
497 3368 629 3445 prudens
651 3368 727 3429 ludis
749 3386 796 3428 me
819 3366 944 3428 obscura
967 3364 1124 3428 canendo?

218 3443 257 3512 ‘0
281 3451 442 3525 laertiade,
466 3453 607 3531 quidquid
631 3454 726 3515 dicam
749 3463 798 3514 aut
821 3453 877 3512 erit
899 3464 949 3514 aut
972 3468 1049 3525 non;

222 3701 288 3754 llo.
307 3705 339 3755 36
358 3706 439 3766 cassa]
458 3705 507 3767 (olz
485 3706 619 3768 lquassa
644 3702 649 3770 Ι
673 3704 706 3756 38
725 3704 747 3755 si
765 3706 800 3768 (o)
818 3704 853 3755 sis
870 3704 906 3768 (o)
930 3704 934 3761 l
959 3702 1086 3766 cognitor;
1105 3703 1151 3767 (ιε
1170 3707 1209 3765 3,)

126 3772 192 3838 :ipse
211 3778 296 3837 persta
316 3772 351 3824 al.
369 3771 447 3836 140
441 3787 467 3822 m
470 3771 588 3822 lamisH.
600 3771 745 3821 Blnemner
762 3788 828 3824 mus.
837 3772 906 3836 phil.
920 3773 960 3834 34,
981 3772 1028 3823 166
1040 3787 1096 3835 sqq
1112 3772 1163 3828 {48
1184 3776 1209 3821 et

135 3845 165 3892 ut
182 3842 218 3904 (o)
236 3846 264 3890 ut
282 3842 318 3904 (v)
336 3841 373 3892 nti
392 3839 564 3903 Heindorfius
582 3844 611 3889 ut
629 3839 652 3890 ei
671 3839 825 3904 Madvigius
843 3840 902 3890 udo.
922 3810 981 3888 crit.
1000 3837 1019 3888 ll
1040 3839 1071 3890 60
1097 3839 1100 3901 Ι
1126 3841 1208 3904 59sq.

134 3915 180 3959 aut
208 3923 259 3959 non
286 3908 401 3959 divinare
429 3909 488 3959 mihi
519 3921 625 3973 magnus
652 3906 758 3958 donavit
775 3907 869 3973 Apollo
888 3905 1101 3971 Haberfcldtrstus
1128 3907 1208 3957 Eich-
