2656 4448
498 215 728 270 EPISTULARUM
745 217 755 269 l
774 222 797 270 l.

200 390 434 467 Contractusque
456 390 550 486 leget3
573 397 612 464 te,
635 389 728 450 dulcis
751 390 853 462 amice,
877 391 984 451 reviset

200 475 274 537 Cum
297 475 446 556 Zephyris,
469 476 493 536 si
517 475 671 548 concedes,
695 483 724 535 et
746 475 906 536 hirundine
928 476 1031 554 prima.
1054 508 1096 529 v-

199 560 266 621 Non
290 579 349 639 qiro
372 578 455 620 more
478 560 550 639 piris
573 559 650 620 vesci
674 559 797 620 Calaber
818 560 901 621 iubet
922 561 1030 666 hospes

200 644 246 705 Tu
268 664 316 706 me
338 645 432 706 fecisti
436 644 645 746 locupletem:
666 638 815 718 ‘,Vescere
837 640 942 708 sodes.³
1161 652 1189 702 15

196 722 270 791 ‘lam
293 731 363 792 satis
384 720 445 791 est'
489 725 540 791 ‘At
561 740 594 791 tu
617 739 760 809 quantum
784 731 825 791 vis
846 727 934 791 tolle?
978 722 1142 807 ‘Benigne

197 806 308 876 ‘Non
301 816 391 877 invisa
414 816 492 876 leres
514 815 615 895 pueris
637 815 813 878 munuscula
835 806 949 895 parvis.³

196 894 283 960 ‘Tam
306 909 411 961 teneor
433 900 522 975 dono,
545 919 634 998 quam
656 900 680 963 si
702 900 798 961 dimitt
786 911 833 961 tar
854 891 995 963 onustus.³

199 979 252 1046 ‘Ut
273 984 359 1060 libet;
382 986 454 1046 haec
477 986 575 1063 porcis
597 985 701 1047 hodie
707 986 888 1046 comedenda
911 979 1079 1064 relinques?

203 1069 347 1150 Prodigus
371 1078 400 1130 et
421 1070 528 1131 stultus
550 1070 641 1131 donat
664 1088 739 1148 quae
762 1071 876 1149 spernit
898 1081 928 1133 et
950 1071 1026 1145 odit;

203 1154 282 1216 Haec
304 1173 389 1234 seges
411 1155 543 1233 ingratos
565 1155 633 1216 tulit
655 1164 684 1215 et
706 1156 780 1217 leret
803 1156 942 1218 omnibus
964 1156 1060 1218 annis.

203 1239 254 1300 Vir
276 1239 374 1300 bonus
397 1249 425 1300 et
447 1240 566 1319 sapiens
588 1241 685 1320 dignis
707 1241 747 1301 ait
770 1259 833 1302 esse
856 1251 985 1321 paratus,

203 1325 264 1385 Nec
285 1333 382 1386 tamen
406 1326 524 1404 ignorat
546 1325 617 1405 quid
640 1325 750 1387 distent
771 1344 839 1386 aera
862 1327 988 1406 lupinis;

204 1409 333 1489 Dignum
356 1409 511 1489 praestabo
534 1429 581 1470 me
604 1411 690 1471 etiam
713 1428 768 1488 pro
791 1410 877 1471 laude
899 1412 1050 1473 merentis.

204 1494 317 1566 Quodsi
339 1513 387 1557 me
409 1495 493 1556 noles
515 1513 640 1573 usquam
664 1495 824 1569 discedere,
847 1496 952 1558 reddes

204 1579 293 1641 Forte
315 1580 400 1655 latus,
424 1580 526 1660 nigros
547 1589 670 1659 angusta
693 1581 791 1640 lronte
814 1580 943 1660 capillos,

205 1664 320 1727 Reddes
342 1666 428 1726 dulce
450 1666 542 1744 loqui,
563 1666 669 1726 reddes
690 1665 786 1725 ridere
810 1665 950 1726 decorum
974 1677 1003 1725 et

205 1750 286 1810 Inter
307 1750 374 1811 vina
397 1752 494 1829 lugam
519 1750 641 1815 Cinarae
666 1768 796 1811 maerere
818 1760 981 1828 protervae.
1006 1785 1047 1796 -

206 1835 294 1896 Forte
316 1853 371 1914 per
393 1845 547 1915 angustam
569 1835 666 1897 tenuis
689 1835 842 1914 vulpecula
865 1835 967 1896 rimam

207 1920 349 2000 chserat
370 1921 399 1982 in
425 1939 573 1987 cumeram
597 1920 738 1982 frumenti
760 1930 902 2000 pastaque
925 1939 1028 1982 rursus

208 2004 290 2064 lrel
276 2006 354 2066 loras
376 2006 465 2083 pleno
488 2007 628 2068 tendebat
635 2024 775 2110 corpore
797 2007 921 2081 trustra;

208 2089 261 2150 Cui
283 2092 408 2151 mustela
430 2085 566 2171 procul‘
570 2093 593 2153 si
616 2086 666 2152 vis'
691 2091 730 2152 ait
749 2085 893 2169 ‘elingere
915 2091 1012 2163 istinc,

208 2175 304 2236 blacra
327 2193 428 2237 cavum
451 2186 568 2256 repetes
589 2189 693 2251 artum,
716 2195 804 2256 quem
828 2195 926 2238 macra
948 2170 1071 2238 subisti?

208 2260 270 2320 llac
292 2279 346 2339 ego
370 2263 394 2323 si
416 2263 608 2340 compellor
601 2263 738 2341 imagine,
762 2271 869 2323 cuncta
892 2262 1025 2341 resign03

205 2344 266 2406 Nec
288 2363 427 2407 somnum
450 2346 545 2425 plebis
567 2347 654 2407 laudo
678 2355 760 2407 satur
781 2347 903 2408 altilium
927 2365 983 2407 nec

207 2429 274 2490 Otia
296 2430 403 2491 divitiis
425 2430 556 2490 Arabum
578 2430 728 2491 liberrima
751 2440 843 2491 muto.
867 2465 907 2475 -

207 2514 300 2595 Saepe
323 2515 525 2577 verecundum
547 2515 671 2577 laudasti
693 2533 804 2592 rexque
827 2523 969 2594 paterque

207 2600 319 2661 Audisti
344 2618 442 2663 coram
467 2619 523 2661 neo
544 2600 634 2661 verbo
657 2600 775 2680 parcius
797 2599 912 2673 absens,

207 2684 334 2764 Inspice,
357 2686 382 2746 si
405 2704 525 2765 possum
548 2686 655 2746 donata
677 2703 822 2765 reponere
845 2685 948 2745 lactus.

208 2769 293 2830 Haud
315 2771 391 2833 male
414 2771 616 2846 Telemachus,
640 2770 739 2851 proles
760 2770 898 2849 patientis
921 2769 1011 2831 Ulixi:

205 2851 286 2915 ‘Non
309 2864 354 2916 est
375 2866 461 2936 aptus
484 2856 568 2935 equis
589 2856 688 2918 lthace
710 2856 803 2929 locus,
826 2865 859 2915 ut
880 2872 978 2933 neque
1001 2856 1096 2934 planis

209 2939 367 3003 Porrectus
389 2942 490 3021 spatiis
514 2960 570 3002 nec
593 2942 701 3002 multae
722 2942 864 3020 prodigus
888 2940 1004 3012 herbae,

209 3024 319 3099 Atride,
342 3028 434 3106 magis
457 3037 523 3107 apta
546 3026 597 3088 tibi
619 3037 669 3088 tua
692 3026 769 3087 dona
792 3021 975 3103 relinquam?

210 3109 335 3170 Parvum
357 3131 445 3190 parva
468 3112 588 3179 decent:
612 3111 682 3173 mihi
706 3111 762 3171 iam
788 3130 847 3171 non
871 3110 951 3188 regia
974 3108 1074 3177 Roma,

210 3194 267 3255 Sed
290 3214 414 3257 vacuum
435 3196 530 3258 Tibur
549 3197 644 3278 placet
665 3206 714 3256 aut
736 3194 845 3256 inbelle
867 3194 1038 3257 Tarentum.
1063 3229 1101 3251 a·
1168 3205 1196 3254 ta

211 3279 357 3343 Strenuus
380 3290 410 3342 et
431 3282 516 3344 sortis
537 3283 692 3360 causisque
715 3281 868 3360 Philippus
887 3281 1008 3360 agendis

211 3363 323 3439 Clarus,
344 3366 381 3427 ab
406 3367 509 3429 olficiis
531 3376 663 3429 octavam
684 3366 802 3428 circiter
824 3368 926 3427 horam

211 3449 286 3510 Dum
309 3452 385 3513 redit
406 3461 494 3530 atque
516 3453 580 3513 foro
604 3453 727 3514 nimium
750 3452 859 3513 distare
882 3451 1001 3513 Carinas

213 3701 297 3757 Vlla
316 3705 348 3756 22
367 3707 482 3770 paratum
502 3705 536 3766 (o)
552 3703 557 3769 1
573 3706 604 3756 25
623 3703 708 3755 nolles
723 3703 727 3769 Ι
743 3705 776 3755 29
794 3702 938 3768 vulpecula]
958 3703 1021 3752 libri
1039 3702 1074 3762 et
1093 3702 1140 3753 Fr.
1152 3702 1198 3754 Ja-

126 3772 187 3821 cobs
204 3787 271 3825 mus.
290 3771 356 3837 pbil
367 3720 400 3835 pl,
412 3773 578 3836 ratapant
592 3771 757 3836 aqq.lVerm
768 3770 843 3822 Salar.
855 3768 1008 3835 V98eqq.;)
1027 3775 1079 3821 aet.
1097 3773 1152 3821 ant
1172 3787 1196 3823 a.

128 3840 192 3892 1835
211 3855 237 3890 n.
257 3841 337 3905 sap.
356 3811 405 3892 aad
429 3840 457 3903 (l
478 3838 494 3891 l
492 3787 565 3890 lell
582 3840 706 3904 lldsqql
727 3838 756 3890 G
777 3839 820 3891 W.
838 3837 949 3890 Nilzrcb
965 3837 1057 3903 philol.
1079 3841 1109 3892 12
1125 3839 1196 3904 pli:

126 3906 238 3958 nitedula
256 3906 342 3959 Beati
358 3907 362 3975 Ι
379 3910 410 3959 30
430 3921 554 3959 cameram
573 3904 610 3974 (υ)
625 3908 629 3972 l
645 3910 676 3960 41
695 3905 795 3958 ithacae

177 3998 293 4044 norsum.
965 3992 995 4042 13
