2656 4448
512 214 769 273 nrtsrtttnttutut
791 221 812 273 l.
1134 220 1193 278 185

207 383 276 445 lsne
299 384 352 445 tibi
376 385 480 447 melius
502 387 613 461 suadet,
637 389 696 466 qui,
720 408 782 450 rem
805 391 903 463 iacias,
927 410 1000 462 rem,
1165 409 1193 458 66
1226 444 1229 448 .

207 467 240 534 Si
264 470 368 548 possis,
391 481 481 544 recte,
504 473 528 532 si
551 492 623 547 uon,
648 493 837 554 qrmcumque
861 477 947 537 modo
971 497 1043 552 rem,

207 553 246 614 Ut
267 555 391 633 propius
413 567 528 635 spectes
551 558 703 619 lacrimosa
727 571 859 639 poemata
883 561 967 640 Pupi,

205 641 250 699 An
276 639 325 719 qui
344 639 497 702 ‘Fortunae
519 653 548 703 te
572 661 749 722 responsare
770 645 917 724 superbae

206 724 346 786 Liberum
370 735 400 786 et
422 736 552 788 erectum
576 747 716 806 praesens
738 730 873 791 hortatur
895 744 924 792 et
947 732 1048 812 aptat?
1070 769 1111 778 -

207 809 318 879 Quodsi
343 828 388 870 me
413 814 538 891 populus
563 813 714 875 Romanus
737 817 813 876 l'orte
835 827 929 894 roget,
953 837 1006 878 cur
1166 832 1218 910 rt)¹

208 893 272 955 Nou
297 904 330 955 ut
351 897 515 974 porticibus
538 898 580 958 sic
603 898 717 960 iudiciis
739 902 821 960 lruar
843 902 934 963 isdem

205 978 266 1040 Nec
289 999 397 1059 sequar
419 993 469 1043 aut
491 984 598 1063 fugiam
623 1002 697 1062 quae
721 985 814 1064 diligit
836 986 898 1066 ipse
920 989 963 1048 vel
988 989 1058 1062 odit,

207 1064 282 1125 Olim
307 1067 385 1145 quod
407 1067 508 1146 volpes
530 1076 650 1146 aegroto
674 1079 757 1130 cauta
781 1070 861 1131 leoni

206 1148 378 1230 Respondit,
401 1153 543 1213 referam:
565 1148 645 1231 ‘quia
669 1173 715 1213 me
737 1155 857 1233 vestigia
880 1165 1004 1231 terrent,

207 1233 313 1296 Omnia
336 1245 365 1296 te
388 1237 540 1299 adversum
564 1240 735 1317 spectantia,
760 1241 839 1301 nulla
862 1240 1046 1304 retrorsum'.
1165 1257 1192 1306 to

207 1319 295 1381 Belua
320 1322 479 1382 multorum
503 1342 533 1384 es
550 1324 687 1401 capitum.
720 1324 794 1384 Nam
809 1327 879 1404 quid
895 1346 1002 1406 sequar
1018 1338 1067 1389 aut
1082 1328 1193 1409 queml

206 1405 276 1466 Pars
299 1407 454 1468 homiuum
477 1409 565 1487 gestit
586 1408 754 1469 conducere
778 1410 912 1488 publica;
935 1424 1005 1473 sunt
1027 1415 1077 1492 qui

207 1489 320 1553 Frustis
343 1501 373 1551 et
394 1493 488 1572 pomis
511 1493 611 1555 viduas
633 1503 779 1554 venentur
802 1513 901 1555 avaras

208 1573 423 1656 Excipiamque
446 1597 542 1650 senes,
566 1597 640 1657 quos
663 1579 693 1638 in
717 1580 822 1639 vivaria
846 1581 977 1654 mittant;

206 1659 305 1722 Multis
327 1663 444 1724 occulto
467 1664 573 1723 crescit
595 1665 648 1724 res¹
666 1664 794 1724 faenore.
840 1665 947 1725 Verum
1164 1679 1194 1730 80

207 1745 277 1807 Esto
301 1747 364 1808 aliis
386 1748 458 1808 alios
480 1747 569 1809 rebus
592 1748 755 1827 studiisque
778 1750 887 1809 teneri:

209 1829 289 1891 ldem
312 1833 413 1894 eadem
436 1844 563 1911 possunt
584 1835 688 1894 horam
712 1834 819 1895 durare
842 1833 1025 1914 probantes?

203 1911 320 1979 ‘Nullus
342 1919 372 1977 iu
398 1919 469 1978 orbe
492 1919 575 1980 sinus
598 1919 674 1980 Baiis
697 1920 849 1998 praelucet
870 1916 1010 1981 amoenis’

208 2000 239 2061 Si
262 2002 333 2064 dixit
355 2004 444 2076 dives,
467 2004 547 2065 lacus
570 2014 599 2065 et
622 2023 701 2065 mare
724 2005 815 2066 sentit
837 2024 965 2066 amorem

207 2086 384 2149 Festinantis
406 2090 464 2162 eri;
488 2091 535 2150 cui
558 2091 582 2151 si
604 2091 706 2151 vitiosa
728 2089 818 2150 libido

132 2203 134 2208 ·
208 2171 323 2234 Fecerit
345 2175 517 2252 auspicium,
538 2176 616 2236 ‘cras
639 2177 816 2236 ferramenta
839 2176 973 2236 Teanum

206 2256 336 2333 Tolletis,
359 2255 452 2319 labri?
499 2260 607 2320 Lectus
630 2261 753 2339 genialis
776 2262 804 2320 in
830 2262 894 2321 aula
917 2272 975 2322 est:

207 2341 252 2401 Nil
275 2343 315 2403 ait
337 2361 400 2404 esse
425 2344 514 2422 prius,
538 2345 641 2405 melius
666 2346 707 2405 nil
730 2345 840 2405 caelibe
863 2347 935 2418 vita3

207 2425 237 2485 Si
261 2447 321 2488 non
347 2437 399 2497 est,
424 2429 501 2488 iurat
523 2427 598 2488 hene
622 2429 692 2489 solis
715 2447 778 2489 esse
801 2430 921 2490 maritis.

206 2511 271 2581 Quo
296 2523 411 2572 teneam
435 2513 530 2572 voltus
553 2522 713 2573 mutantem
738 2514 843 2573 Protea
867 2510 968 2573 nodo?
1163 2525 1193 2574 90

207 2596 283 2667 Quid
307 2595 443 2677 pauper?
489 2597 576 2657 Ridel
600 2607 693 2658 mutat
716 2599 864 2670 cenacula,
888 2598 989 2669 lectos,

207 2682 324 2756 Balnea,
347 2692 495 2753 tonsores,
519 2683 666 2743 conducto
692 2683 805 2761 navigio
829 2701 922 2762 aeque

205 2765 332 2828 Nauseat
354 2787 387 2829 ac
411 2768 552 2847 locuples,
575 2787 662 2846 quem
687 2769 768 2828 ducit
790 2769 869 2847 priva
894 2768 1032 2829 triremis.
1123 2833 1125 2838 ,

206 2851 236 2912 Si
260 2863 379 2915 curatus
401 2853 547 2932 inaequali
570 2861 690 2914 tonsore
713 2853 834 2932 capillos

207 2936 340 3012 Occurri,
365 2939 450 3011 rides,
474 2940 497 3000 si
520 2941 597 2999 lorte
619 2939 761 3000 subucula
785 2956 875 3017 pexae
1164 2948 1192 2998 95

206 3022 286 3081 Trita
310 3024 411 3085 subest
432 3024 559 3096 tunicae,
583 3024 628 3083 vel
650 3026 673 3085 si
697 3034 763 3103 toga
786 3023 906 3084 dissidet
928 3023 1031 3100 impar,

208 3106 310 3168 llides:
335 3107 428 3187 quid?
452 3127 514 3168 mea
538 3128 604 3168 cum
628 3123 741 3188 pugnat
763 3108 908 3169 sententia
933 3126 1043 3180 secum,

207 3192 290 3261 Quod
314 3195 399 3271 petiit
421 3195 543 3272 spernit,
567 3194 674 3273 repetit
697 3194 777 3271 quod
800 3212 897 3271 nuper
919 3193 1024 3265 omisit,

206 3276 325 3337 Aestuat
347 3288 375 3338 et
400 3280 471 3338 ritae
494 3280 678 3339 disconvenit
700 3278 803 3338 ordine
825 3287 897 3349 toto,

208 3361 311 3434 Diruit,
335 3364 476 3436 aedificat,
500 3373 593 3423 mutat
615 3365 754 3442 quadrata
777 3361 933 3423 rotundis?
1150 3373 1193 3424 tto

208 3445 341 3506 insanire
365 3458 451 3526 putas
474 3449 625 3509 sollemnia
649 3468 696 3510 me
722 3468 817 3528 neque
840 3449 918 3509 rides

208 3531 268 3590 Nec
292 3531 394 3592 medici
419 3533 514 3594 credis
538 3551 592 3593 nec
616 3535 761 3594 curatoris
784 3552 871 3612 egere

208 3618 231 3674 Α
256 3626 392 3696 praetore
415 3617 483 3691 dati,
506 3637 605 3678 rerum
629 3621 718 3679 tutela
741 3637 872 3679 mearum

119 3752 323 3761 *—

207 3833 257 3885 lv.
277 3838 310 3887 72
328 3840 380 3899 aut]
399 3852 429 3888 ac
446 3837 482 3902 (v)
499 3840 525 3888 et
542 3837 578 3901 (v)
604 3835 608 3903 Ι
636 3839 668 3890 'tu
687 3836 778 3902 estfiu)
805 3836 885 3887 Pluza
913 3839 979 3884 teste
1008 3835 1057 3900 Oli,
1078 3834 1161 3884 Betiti.
1185 3834 1190 3900 Ι

122 3903 154 3953 78
173 3902 265 3953 crustis
282 3905 317 3969 (c)
333 3906 337 3969 l
353 3908 385 3957 95
405 3905 514 3956 occurrit
531 3906 566 3969 (a)
584 3920 689 3957 occurro
707 3906 742 3970 (a)
758 3905 761 3970 Ι
778 3907 809 3956 97
829 3918 928 3956 mecum
