<?xml version="1.0" encoding="UTF-8"?>
<!DOCTYPE html PUBLIC "-//W3C//DTD XHTML 1.0 Transitional//EN"
    "http://www.w3.org/TR/xhtml1/DTD/xhtml1-transitional.dtd">
<html xmlns="http://www.w3.org/1999/xhtml" xml:lang="en" lang="en">
 <head>
  <title>
</title>
<meta http-equiv="Content-Type" content="text/html;charset=utf-8" />
  <meta name='ocr-system' content='tesseract 3.04.00' />
  <meta name='ocr-capabilities' content='ocr_page ocr_carea ocr_par ocr_line ocrx_word'/>
</head>
<body>
  <div class='ocr_page' id='page_1' title='image "./qhoratiiflaccic02hertgoog_0149.png"; bbox 0 0 2656 4448; ppageno 0'>
   <div class='ocr_carea' id='block_1_1' title="bbox 535 213 793 266">
    <p class='ocr_par' dir='ltr' id='par_1_1' title="bbox 535 213 793 266">
     <span class='ocr_line' id='line_1_1' title="bbox 535 213 793 266; baseline -0.008 0"><span class='ocrx_word' id='word_1_1' title='bbox 535 213 724 266; x_wconf 69' lang='lat' dir='ltr'>sambatium</span> <span class='ocrx_word' id='word_1_2' title='bbox 742 214 752 264; x_wconf 95' lang='lat' dir='ltr'>l</span> <span class='ocrx_word' id='word_1_3' title='bbox 770 218 793 266; x_wconf 78' lang='lat'>5.</span> 
     </span>
    </p>
   </div>
   <div class='ocr_carea' id='block_1_2' title="bbox 144 385 1160 3514">
    <p class='ocr_par' dir='ltr' id='par_1_2' title="bbox 212 385 1160 3434">
     <span class='ocr_line' id='line_1_2' title="bbox 212 385 989 465; baseline -0.001 -19"><span class='ocrx_word' id='word_1_4' title='bbox 212 386 305 446; x_wconf 91' lang='lat' dir='ltr'>Nauta</span> <span class='ocrx_word' id='word_1_5' title='bbox 327 385 411 465; x_wconf 90' lang='lat' dir='ltr'>piger</span> <span class='ocrx_word' id='word_1_6' title='bbox 433 404 502 445; x_wconf 84' lang='lat' dir='ltr'>saxo</span> <span class='ocrx_word' id='word_1_7' title='bbox 525 385 629 463; x_wconf 83' lang='lat' dir='ltr'><strong>religat</strong></span> <span class='ocrx_word' id='word_1_8' title='bbox 651 386 807 463; x_wconf 89' lang='lat' dir='ltr'>stertitque</span> <span class='ocrx_word' id='word_1_9' title='bbox 829 386 964 464; x_wconf 88' lang='lat' dir='ltr'>supinus.</span> <span class='ocrx_word' id='word_1_10' title='bbox 987 386 989 390; x_wconf 67' lang='grc'><strong>”</strong></span> 
     </span>
     <span class='ocr_line' id='line_1_3' title="bbox 214 470 1029 550; baseline 0.002 -20"><span class='ocrx_word' id='word_1_11' title='bbox 214 471 334 549; x_wconf 91' lang='lat' dir='ltr'>lamque</span> <span class='ocrx_word' id='word_1_12' title='bbox 356 471 417 530; x_wconf 94' lang='lat' dir='ltr'>dies</span> <span class='ocrx_word' id='word_1_13' title='bbox 439 470 549 543; x_wconf 77' lang='lat' dir='ltr'>aderat,</span> <span class='ocrx_word' id='word_1_14' title='bbox 573 471 615 530; x_wconf 92' lang='lat' dir='ltr'>nil</span> <span class='ocrx_word' id='word_1_15' title='bbox 637 490 704 531; x_wconf 91' lang='lat' dir='ltr'>cum</span> <span class='ocrx_word' id='word_1_16' title='bbox 727 471 888 550; x_wconf 82' lang='lat' dir='ltr'>procedere</span> <span class='ocrx_word' id='word_1_17' title='bbox 909 470 1029 532; x_wconf 82' lang='lat' dir='ltr'>lintrem</span> 
     </span>
     <span class='ocr_line' id='line_1_4' title="bbox 215 554 929 635; baseline 0 -19"><span class='ocrx_word' id='word_1_18' title='bbox 215 555 374 624; x_wconf 85' lang='lat' dir='ltr'>Sentimus,</span> <span class='ocrx_word' id='word_1_19' title='bbox 397 556 493 615; x_wconf 91' lang='lat' dir='ltr'>donec</span> <span class='ocrx_word' id='word_1_20' title='bbox 516 554 691 617; x_wconf 79' lang='lat' dir='ltr'>cerebrosus</span> <span class='ocrx_word' id='word_1_21' title='bbox 713 556 829 635; x_wconf 79' lang='lat' dir='ltr'>prosilit</span> <span class='ocrx_word' id='word_1_22' title='bbox 850 574 929 616; x_wconf 92' lang='lat' dir='ltr'>unus</span> 
     </span>
     <span class='ocr_line' id='line_1_5' title="bbox 214 640 1010 720; baseline 0.003 -20"><span class='ocrx_word' id='word_1_23' title='bbox 214 642 256 700; x_wconf 77' lang='lat' dir='ltr'>bc</span> <span class='ocrx_word' id='word_1_24' title='bbox 279 640 374 700; x_wconf 91' lang='lat' dir='ltr'>mulae</span> <span class='ocrx_word' id='word_1_25' title='bbox 397 650 563 718; x_wconf 83' lang='lat' dir='ltr'>nautaeque</span> <span class='ocrx_word' id='word_1_26' title='bbox 586 651 675 720; x_wconf 92' lang='lat' dir='ltr'>caput</span> <span class='ocrx_word' id='word_1_27' title='bbox 695 641 874 718; x_wconf 90' lang='lat' dir='ltr'>lumbosque</span> <span class='ocrx_word' id='word_1_28' title='bbox 896 641 1010 719; x_wconf 91' lang='lat' dir='ltr'>saligno</span> 
     </span>
     <span class='ocr_line' id='line_1_6' title="bbox 216 725 1062 804; baseline 0.004 -20"><span class='ocrx_word' id='word_1_29' title='bbox 216 725 305 785; x_wconf 86' lang='lat' dir='ltr'>Fuste</span> <span class='ocrx_word' id='word_1_30' title='bbox 327 726 421 798; x_wconf 91' lang='lat' dir='ltr'>dolat;</span> <span class='ocrx_word' id='word_1_31' title='bbox 445 735 547 803; x_wconf 90' lang='lat' dir='ltr'>quarta</span> <span class='ocrx_word' id='word_1_32' title='bbox 569 725 615 785; x_wconf 81' lang='lat' dir='ltr'>vix</span> <span class='ocrx_word' id='word_1_33' title='bbox 638 726 755 786; x_wconf 91' lang='lat' dir='ltr'>demum</span> <span class='ocrx_word' id='word_1_34' title='bbox 779 725 957 804; x_wconf 82' lang='lat' dir='ltr'>exponimur</span> <span class='ocrx_word' id='word_1_35' title='bbox 978 726 1062 787; x_wconf 91' lang='lat' dir='ltr'>hora.</span> 
     </span>
     <span class='ocr_line' id='line_1_7' title="bbox 215 809 1001 890; baseline 0 -20"><span class='ocrx_word' id='word_1_36' title='bbox 215 809 274 870; x_wconf 87' lang='lat' dir='ltr'>Ora</span> <span class='ocrx_word' id='word_1_37' title='bbox 297 828 460 888; x_wconf 92' lang='lat' dir='ltr'>manusque</span> <span class='ocrx_word' id='word_1_38' title='bbox 481 820 532 869; x_wconf 91' lang='lat' dir='ltr'>tua</span> <span class='ocrx_word' id='word_1_39' title='bbox 555 810 685 882; x_wconf 84' lang='lat' dir='ltr'>lavimus,</span> <span class='ocrx_word' id='word_1_40' title='bbox 708 811 844 883; x_wconf 75' lang='lat' dir='ltr'>Feronia,</span> <span class='ocrx_word' id='word_1_41' title='bbox 867 811 985 890; x_wconf 82' lang='lat' dir='ltr'>lympha</span> <span class='ocrx_word' id='word_1_42' title='bbox 993 830 1001 885; x_wconf 90' lang='lat'>;</span> 
     </span>
     <span class='ocr_line' id='line_1_8' title="bbox 216 893 997 974; baseline 0.004 -21"><span class='ocrx_word' id='word_1_43' title='bbox 216 893 293 954; x_wconf 84' lang='lat' dir='ltr'>Milia</span> <span class='ocrx_word' id='word_1_44' title='bbox 316 905 378 956; x_wconf 92' lang='lat' dir='ltr'>tum</span> <span class='ocrx_word' id='word_1_45' title='bbox 401 897 501 973; x_wconf 87' lang='lat' dir='ltr'>pransi</span> <span class='ocrx_word' id='word_1_46' title='bbox 524 895 580 954; x_wconf 91' lang='lat' dir='ltr'>tria</span> <span class='ocrx_word' id='word_1_47' title='bbox 602 897 732 974; x_wconf 87' lang='lat' dir='ltr'>repimus</span> <span class='ocrx_word' id='word_1_48' title='bbox 754 904 843 973; x_wconf 91' lang='lat' dir='ltr'>atque</span> <span class='ocrx_word' id='word_1_49' title='bbox 864 895 997 957; x_wconf 89' lang='lat' dir='ltr'>subimus</span> 
     </span>
     <span class='ocr_line' id='line_1_9' title="bbox 216 979 916 1058; baseline 0 -20"><span class='ocrx_word' id='word_1_50' title='bbox 216 979 387 1058; x_wconf 82' lang='lat' dir='ltr'>Impositum</span> <span class='ocrx_word' id='word_1_51' title='bbox 410 979 486 1040; x_wconf 86' lang='lat' dir='ltr'>saxis</span> <span class='ocrx_word' id='word_1_52' title='bbox 508 980 565 1039; x_wconf 90' lang='lat' dir='ltr'>late</span> <span class='ocrx_word' id='word_1_53' title='bbox 587 980 782 1040; x_wconf 88' lang='lat' dir='ltr'>candentibus</span> <span class='ocrx_word' id='word_1_54' title='bbox 804 981 916 1040; x_wconf 81' lang='lat' dir='ltr'>Anxur.</span> 
     </span>
     <span class='ocr_line' id='line_1_10' title="bbox 215 1064 966 1144; baseline 0.004 -22"><span class='ocrx_word' id='word_1_55' title='bbox 215 1064 281 1124; x_wconf 91' lang='lat' dir='ltr'>Huc</span> <span class='ocrx_word' id='word_1_56' title='bbox 303 1073 444 1125; x_wconf 89' lang='lat' dir='ltr'>venturus</span> <span class='ocrx_word' id='word_1_57' title='bbox 467 1073 530 1124; x_wconf 91' lang='lat' dir='ltr'>erat</span> <span class='ocrx_word' id='word_1_58' title='bbox 551 1064 705 1126; x_wconf 83' lang='lat' dir='ltr'>Maecenas</span> <span class='ocrx_word' id='word_1_59' title='bbox 728 1066 856 1144; x_wconf 91' lang='lat' dir='ltr'>optimus</span> <span class='ocrx_word' id='word_1_60' title='bbox 878 1075 966 1143; x_wconf 92' lang='lat' dir='ltr'>atque</span> 
     </span>
     <span class='ocr_line' id='line_1_11' title="bbox 215 1149 923 1228; baseline 0 -18"><span class='ocrx_word' id='word_1_61' title='bbox 215 1149 365 1223; x_wconf 86' lang='lat' dir='ltr'>Cocceius,</span> <span class='ocrx_word' id='word_1_62' title='bbox 387 1149 468 1210; x_wconf 91' lang='lat' dir='ltr'>missi</span> <span class='ocrx_word' id='word_1_63' title='bbox 491 1151 605 1226; x_wconf 90' lang='lat' dir='ltr'>magnis</span> <span class='ocrx_word' id='word_1_64' title='bbox 627 1150 663 1210; x_wconf 89' lang='lat' dir='ltr'>de</span> <span class='ocrx_word' id='word_1_65' title='bbox 685 1149 775 1211; x_wconf 92' lang='lat' dir='ltr'>rebus</span> <span class='ocrx_word' id='word_1_66' title='bbox 796 1159 923 1228; x_wconf 90' lang='lat' dir='ltr'>uterque</span> 
     </span>
     <span class='ocr_line' id='line_1_12' title="bbox 215 1234 911 1313; baseline -0.001 -19"><span class='ocrx_word' id='word_1_67' title='bbox 215 1234 327 1313; x_wconf 85' lang='lat' dir='ltr'>Legati,</span> <span class='ocrx_word' id='word_1_68' title='bbox 350 1252 467 1295; x_wconf 89' lang='lat' dir='ltr'>aversos</span> <span class='ocrx_word' id='word_1_69' title='bbox 489 1234 566 1294; x_wconf 92' lang='lat' dir='ltr'>soliti</span> <span class='ocrx_word' id='word_1_70' title='bbox 589 1253 771 1313; x_wconf 89' lang='lat' dir='ltr'>componere</span> <span class='ocrx_word' id='word_1_71' title='bbox 793 1235 911 1295; x_wconf 92' lang='lat' dir='ltr'>amicos.</span> 
     </span>
     <span class='ocr_line' id='line_1_13' title="bbox 216 1319 931 1400; baseline 0.003 -22"><span class='ocrx_word' id='word_1_72' title='bbox 216 1319 272 1378; x_wconf 88' lang='lat' dir='ltr'>llic</span> <span class='ocrx_word' id='word_1_73' title='bbox 295 1319 388 1379; x_wconf 91' lang='lat' dir='ltr'>oculis</span> <span class='ocrx_word' id='word_1_74' title='bbox 411 1338 465 1398; x_wconf 89' lang='lat' dir='ltr'>ego</span> <span class='ocrx_word' id='word_1_75' title='bbox 490 1319 573 1397; x_wconf 90' lang='lat' dir='ltr'>nigra</span> <span class='ocrx_word' id='word_1_76' title='bbox 596 1321 667 1380; x_wconf 91' lang='lat' dir='ltr'>meis</span> <span class='ocrx_word' id='word_1_77' title='bbox 691 1321 810 1400; x_wconf 83' lang='lat' dir='ltr'>collyria</span> <span class='ocrx_word' id='word_1_78' title='bbox 833 1320 931 1397; x_wconf 88' lang='lat' dir='ltr'>lippus</span> 
     </span>
     <span class='ocr_line' id='line_1_14' title="bbox 219 1403 924 1482; baseline 0.003 -20"><span class='ocrx_word' id='word_1_79' title='bbox 219 1403 364 1477; x_wconf 89' lang='lat' dir='ltr'>lulinere;</span> <span class='ocrx_word' id='word_1_80' title='bbox 386 1405 498 1464; x_wconf 85' lang='lat' dir='ltr'>interea</span> <span class='ocrx_word' id='word_1_81' title='bbox 520 1405 675 1465; x_wconf 87' lang='lat' dir='ltr'>Maecenas</span> <span class='ocrx_word' id='word_1_82' title='bbox 697 1405 815 1465; x_wconf 90' lang='lat' dir='ltr'>advenit</span> <span class='ocrx_word' id='word_1_83' title='bbox 836 1415 924 1482; x_wconf 86' lang='lat' dir='ltr'>atque</span> 
     </span>
     <span class='ocr_line' id='line_1_15' title="bbox 218 1489 1040 1569; baseline -0.001 -20"><span class='ocrx_word' id='word_1_84' title='bbox 218 1489 359 1549; x_wconf 84' lang='lat' dir='ltr'>Cocceius</span> <span class='ocrx_word' id='word_1_85' title='bbox 381 1490 543 1569; x_wconf 83' lang='lat' dir='ltr'>Capitoque</span> <span class='ocrx_word' id='word_1_86' title='bbox 566 1491 653 1550; x_wconf 91' lang='lat' dir='ltr'>simul</span> <span class='ocrx_word' id='word_1_87' title='bbox 676 1490 828 1560; x_wconf 85' lang='lat' dir='ltr'>Fonteius,</span> <span class='ocrx_word' id='word_1_88' title='bbox 851 1490 887 1549; x_wconf 93' lang='lat' dir='ltr'>ad</span> <span class='ocrx_word' id='word_1_89' title='bbox 909 1506 1040 1567; x_wconf 91' lang='lat' dir='ltr'>unguem</span> 
     </span>
     <span class='ocr_line' id='line_1_16' title="bbox 217 1573 1072 1652; baseline 0.001 -19"><span class='ocrx_word' id='word_1_90' title='bbox 217 1573 324 1635; x_wconf 86' lang='lat' dir='ltr'>Faetus</span> <span class='ocrx_word' id='word_1_91' title='bbox 346 1575 444 1647; x_wconf 92' lang='lat' dir='ltr'>homo,</span> <span class='ocrx_word' id='word_1_92' title='bbox 467 1575 579 1635; x_wconf 80' lang='lat' dir='ltr'>Antoni</span> <span class='ocrx_word' id='word_1_93' title='bbox 603 1595 662 1635; x_wconf 92' lang='lat' dir='ltr'>non</span> <span class='ocrx_word' id='word_1_94' title='bbox 686 1583 720 1636; x_wconf 93' lang='lat' dir='ltr'>ut</span> <span class='ocrx_word' id='word_1_95' title='bbox 741 1575 832 1652; x_wconf 90' lang='lat' dir='ltr'>magis</span> <span class='ocrx_word' id='word_1_96' title='bbox 855 1575 929 1635; x_wconf 90' lang='lat' dir='ltr'>alter</span> <span class='ocrx_word' id='word_1_97' title='bbox 950 1574 1072 1635; x_wconf 81' lang='lat' dir='ltr'>amicus.</span> 
     </span>
     <span class='ocr_line' id='line_1_17' title="bbox 216 1658 904 1738; baseline 0 -20"><span class='ocrx_word' id='word_1_98' title='bbox 216 1658 338 1720; x_wconf 91' lang='lat' dir='ltr'>Fundos</span> <span class='ocrx_word' id='word_1_99' title='bbox 360 1660 475 1720; x_wconf 80' lang='lat' dir='ltr'>Aufidio</span> <span class='ocrx_word' id='word_1_100' title='bbox 498 1660 595 1720; x_wconf 91' lang='lat' dir='ltr'>Lusco</span> <span class='ocrx_word' id='word_1_101' title='bbox 618 1670 754 1738; x_wconf 87' lang='lat' dir='ltr'>praetore</span> <span class='ocrx_word' id='word_1_102' title='bbox 777 1660 904 1720; x_wconf 80' lang='lat' dir='ltr'>libenter</span> 
     </span>
     <span class='ocr_line' id='line_1_18' title="bbox 217 1743 974 1823; baseline 0 -21"><span class='ocrx_word' id='word_1_103' title='bbox 217 1744 402 1822; x_wconf 74' lang='lat' dir='ltr'>Linquimus</span> <span class='ocrx_word' id='word_1_104' title='bbox 426 1745 522 1805; x_wconf 89' lang='lat' dir='ltr'>insani</span> <span class='ocrx_word' id='word_1_105' title='bbox 545 1746 675 1805; x_wconf 89' lang='lat' dir='ltr'>ridentes</span> <span class='ocrx_word' id='word_1_106' title='bbox 697 1746 826 1823; x_wconf 90' lang='lat' dir='ltr'>praemia</span> <span class='ocrx_word' id='word_1_107' title='bbox 849 1743 974 1815; x_wconf 91' lang='lat' dir='ltr'>scribae,</span> 
     </span>
     <span class='ocr_line' id='line_1_19' title="bbox 216 1828 1054 1908; baseline 0.002 -20"><span class='ocrx_word' id='word_1_108' title='bbox 216 1829 397 1889; x_wconf 82' lang='lat' dir='ltr'>Praetextam</span> <span class='ocrx_word' id='word_1_109' title='bbox 422 1839 450 1889; x_wconf 88' lang='lat' dir='ltr'>et</span> <span class='ocrx_word' id='word_1_110' title='bbox 473 1830 562 1890; x_wconf 88' lang='lat' dir='ltr'>latum</span> <span class='ocrx_word' id='word_1_111' title='bbox 586 1831 698 1889; x_wconf 91' lang='lat' dir='ltr'>clavum</span> <span class='ocrx_word' id='word_1_112' title='bbox 721 1848 893 1908; x_wconf 88' lang='lat' dir='ltr'>prunaeque</span> <span class='ocrx_word' id='word_1_113' title='bbox 914 1828 1054 1890; x_wconf 87' lang='lat' dir='ltr'>vatillum.</span> 
     </span>
     <span class='ocr_line' id='line_1_20' title="bbox 217 1913 988 1986; baseline 0.001 -13"><span class='ocrx_word' id='word_1_114' title='bbox 217 1913 249 1973; x_wconf 91' lang='lat' dir='ltr'>ln</span> <span class='ocrx_word' id='word_1_115' title='bbox 274 1913 489 1974; x_wconf 88' lang='lat' dir='ltr'>Mamurrarum</span> <span class='ocrx_word' id='word_1_116' title='bbox 512 1915 578 1974; x_wconf 91' lang='lat' dir='ltr'>lassi</span> <span class='ocrx_word' id='word_1_117' title='bbox 601 1915 707 1975; x_wconf 91' lang='lat' dir='ltr'>deinde</span> <span class='ocrx_word' id='word_1_118' title='bbox 730 1915 803 1975; x_wconf 88' lang='lat' dir='ltr'>urbe</span> <span class='ocrx_word' id='word_1_119' title='bbox 826 1932 988 1986; x_wconf 92' lang='lat' dir='ltr'>manemus,</span> 
     </span>
     <span class='ocr_line' id='line_1_21' title="bbox 216 1997 999 2078; baseline 0 -22"><span class='ocrx_word' id='word_1_120' title='bbox 216 1997 337 2058; x_wconf 88' lang='lat' dir='ltr'>Murena</span> <span class='ocrx_word' id='word_1_121' title='bbox 361 1998 521 2076; x_wconf 87' lang='lat' dir='ltr'>praebente</span> <span class='ocrx_word' id='word_1_122' title='bbox 544 2000 673 2070; x_wconf 90' lang='lat' dir='ltr'>domum,</span> <span class='ocrx_word' id='word_1_123' title='bbox 697 2000 839 2078; x_wconf 90' lang='lat' dir='ltr'>Capitone</span> <span class='ocrx_word' id='word_1_124' title='bbox 862 2000 999 2059; x_wconf 90' lang='lat' dir='ltr'>culinam.</span> 
     </span>
     <span class='ocr_line' id='line_1_22' title="bbox 217 2082 999 2162; baseline 0.003 -21"><span class='ocrx_word' id='word_1_125' title='bbox 217 2082 339 2142; x_wconf 87' lang='lat' dir='ltr'>Postera</span> <span class='ocrx_word' id='word_1_126' title='bbox 361 2084 410 2142; x_wconf 86' lang='lat' dir='ltr'>lux</span> <span class='ocrx_word' id='word_1_127' title='bbox 434 2083 530 2142; x_wconf 89' lang='lat' dir='ltr'>oritur</span> <span class='ocrx_word' id='word_1_128' title='bbox 551 2084 644 2144; x_wconf 92' lang='lat' dir='ltr'>multo</span> <span class='ocrx_word' id='word_1_129' title='bbox 668 2086 848 2162; x_wconf 88' lang='lat' dir='ltr'>gratissima;</span> <span class='ocrx_word' id='word_1_130' title='bbox 873 2102 999 2162; x_wconf 90' lang='lat' dir='ltr'>namque</span> 
     </span>
     <span class='ocr_line' id='line_1_23' title="bbox 217 2165 913 2248; baseline 0.006 -23"><span class='ocrx_word' id='word_1_131' title='bbox 217 2165 329 2227; x_wconf 90' lang='lat' dir='ltr'>Plotius</span> <span class='ocrx_word' id='word_1_132' title='bbox 353 2177 381 2227; x_wconf 89' lang='lat' dir='ltr'>et</span> <span class='ocrx_word' id='word_1_133' title='bbox 403 2166 507 2227; x_wconf 90' lang='lat' dir='ltr'>Varius</span> <span class='ocrx_word' id='word_1_134' title='bbox 529 2168 685 2229; x_wconf 88' lang='lat' dir='ltr'>Sinuessae</span> <span class='ocrx_word' id='word_1_135' title='bbox 708 2170 913 2248; x_wconf 85' lang='lat' dir='ltr'>Vergiliusque</span> 
     </span>
     <span class='ocr_line' id='line_1_24' title="bbox 217 2250 994 2332; baseline 0.004 -21"><span class='ocrx_word' id='word_1_136' title='bbox 217 2250 397 2324; x_wconf 87' lang='lat' dir='ltr'>Occurrunt,</span> <span class='ocrx_word' id='word_1_137' title='bbox 422 2253 546 2327; x_wconf 90' lang='lat' dir='ltr'>animae,</span> <span class='ocrx_word' id='word_1_138' title='bbox 570 2255 664 2331; x_wconf 92' lang='lat' dir='ltr'>qualis</span> <span class='ocrx_word' id='word_1_139' title='bbox 688 2274 784 2332; x_wconf 91' lang='lat' dir='ltr'>neque</span> <span class='ocrx_word' id='word_1_140' title='bbox 808 2254 994 2314; x_wconf 90' lang='lat' dir='ltr'>candidiores</span> 
     </span>
     <span class='ocr_line' id='line_1_25' title="bbox 217 2337 1025 2416; baseline 0.001 -21"><span class='ocrx_word' id='word_1_141' title='bbox 217 2337 308 2397; x_wconf 85' lang='lat' dir='ltr'>Terra</span> <span class='ocrx_word' id='word_1_142' title='bbox 330 2338 397 2398; x_wconf 89' lang='lat' dir='ltr'>tulit</span> <span class='ocrx_word' id='word_1_143' title='bbox 419 2357 517 2415; x_wconf 89' lang='lat' dir='ltr'>neque</span> <span class='ocrx_word' id='word_1_144' title='bbox 539 2339 606 2416; x_wconf 93' lang='lat' dir='ltr'>quis</span> <span class='ocrx_word' id='word_1_145' title='bbox 628 2358 675 2399; x_wconf 93' lang='lat' dir='ltr'>me</span> <span class='ocrx_word' id='word_1_146' title='bbox 698 2340 735 2400; x_wconf 92' lang='lat' dir='ltr'>sit</span> <span class='ocrx_word' id='word_1_147' title='bbox 757 2340 920 2399; x_wconf 89' lang='lat' dir='ltr'>devinctior</span> <span class='ocrx_word' id='word_1_148' title='bbox 942 2339 1025 2399; x_wconf 91' lang='lat' dir='ltr'>alter.</span> 
     </span>
     <span class='ocr_line' id='line_1_26' title="bbox 217 2420 977 2502; baseline 0.003 -21"><span class='ocrx_word' id='word_1_149' title='bbox 217 2420 241 2481; x_wconf 88' lang='lat'>0</span> <span class='ocrx_word' id='word_1_150' title='bbox 265 2423 315 2500; x_wconf 93' lang='lat' dir='ltr'>qui</span> <span class='ocrx_word' id='word_1_151' title='bbox 338 2423 510 2502; x_wconf 84' lang='lat' dir='ltr'>complexus</span> <span class='ocrx_word' id='word_1_152' title='bbox 532 2434 561 2484; x_wconf 92' lang='lat' dir='ltr'>et</span> <span class='ocrx_word' id='word_1_153' title='bbox 583 2426 687 2502; x_wconf 92' lang='lat' dir='ltr'>gaudia</span> <span class='ocrx_word' id='word_1_154' title='bbox 711 2434 818 2502; x_wconf 88' lang='lat' dir='ltr'>quanta</span> <span class='ocrx_word' id='word_1_155' title='bbox 842 2425 977 2484; x_wconf 90' lang='lat' dir='ltr'>lueruntl</span> 
     </span>
     <span class='ocr_line' id='line_1_27' title="bbox 216 2507 933 2586; baseline 0.001 -20"><span class='ocrx_word' id='word_1_156' title='bbox 216 2507 263 2566; x_wconf 89' lang='lat' dir='ltr'>Nil</span> <span class='ocrx_word' id='word_1_157' title='bbox 286 2527 340 2586; x_wconf 92' lang='lat' dir='ltr'>ego</span> <span class='ocrx_word' id='word_1_158' title='bbox 364 2509 541 2570; x_wconf 89' lang='lat' dir='ltr'>contulerim</span> <span class='ocrx_word' id='word_1_159' title='bbox 563 2510 693 2570; x_wconf 90' lang='lat' dir='ltr'>iucundo</span> <span class='ocrx_word' id='word_1_160' title='bbox 716 2529 807 2571; x_wconf 89' lang='lat' dir='ltr'>sanus</span> <span class='ocrx_word' id='word_1_161' title='bbox 830 2511 933 2569; x_wconf 88' lang='lat' dir='ltr'>amico.</span> 
     </span>
     <span class='ocr_line' id='line_1_28' title="bbox 216 2592 979 2672; baseline 0.003 -21"><span class='ocrx_word' id='word_1_162' title='bbox 216 2592 351 2653; x_wconf 84' lang='lat' dir='ltr'>Proxima</span> <span class='ocrx_word' id='word_1_163' title='bbox 375 2594 523 2671; x_wconf 89' lang='lat' dir='ltr'>Campano</span> <span class='ocrx_word' id='word_1_164' title='bbox 546 2597 629 2672; x_wconf 92' lang='lat' dir='ltr'>ponti</span> <span class='ocrx_word' id='word_1_165' title='bbox 653 2613 727 2672; x_wconf 91' lang='lat' dir='ltr'>quae</span> <span class='ocrx_word' id='word_1_166' title='bbox 750 2595 846 2654; x_wconf 89' lang='lat' dir='ltr'>villula</span> <span class='ocrx_word' id='word_1_167' title='bbox 869 2603 979 2654; x_wconf 87' lang='lat' dir='ltr'>tectum</span> 
     </span>
     <span class='ocr_line' id='line_1_29' title="bbox 216 2677 1063 2757; baseline 0 -21"><span class='ocrx_word' id='word_1_168' title='bbox 216 2677 356 2738; x_wconf 85' lang='lat' dir='ltr'>Praebuit</span> <span class='ocrx_word' id='word_1_169' title='bbox 378 2688 406 2738; x_wconf 92' lang='lat' dir='ltr'>et</span> <span class='ocrx_word' id='word_1_170' title='bbox 429 2680 548 2757; x_wconf 89' lang='lat' dir='ltr'>parochi</span> <span class='ocrx_word' id='word_1_171' title='bbox 573 2697 648 2756; x_wconf 89' lang='lat' dir='ltr'>quae</span> <span class='ocrx_word' id='word_1_172' title='bbox 671 2679 779 2739; x_wconf 89' lang='lat' dir='ltr'>debent</span> <span class='ocrx_word' id='word_1_173' title='bbox 802 2680 880 2756; x_wconf 89' lang='lat' dir='ltr'>ligna</span> <span class='ocrx_word' id='word_1_174' title='bbox 904 2680 1063 2757; x_wconf 88' lang='lat' dir='ltr'>salemque.</span> 
     </span>
     <span class='ocr_line' id='line_1_30' title="bbox 217 2761 982 2843; baseline 0.005 -23"><span class='ocrx_word' id='word_1_175' title='bbox 217 2761 293 2823; x_wconf 89' lang='lat' dir='ltr'>Hinc</span> <span class='ocrx_word' id='word_1_176' title='bbox 316 2764 387 2824; x_wconf 93' lang='lat' dir='ltr'>muli</span> <span class='ocrx_word' id='word_1_177' title='bbox 410 2764 525 2842; x_wconf 90' lang='lat' dir='ltr'>Capuae</span> <span class='ocrx_word' id='word_1_178' title='bbox 548 2764 670 2824; x_wconf 90' lang='lat' dir='ltr'>clitellas</span> <span class='ocrx_word' id='word_1_179' title='bbox 691 2775 824 2843; x_wconf 91' lang='lat' dir='ltr'>tempore</span> <span class='ocrx_word' id='word_1_180' title='bbox 848 2773 982 2843; x_wconf 83' lang='lat' dir='ltr'>ponunt3</span> 
     </span>
     <span class='ocr_line' id='line_1_31' title="bbox 217 2847 1052 2927; baseline 0.004 -22"><span class='ocrx_word' id='word_1_181' title='bbox 217 2847 327 2908; x_wconf 91' lang='lat' dir='ltr'>Lusum</span> <span class='ocrx_word' id='word_1_182' title='bbox 351 2850 373 2907; x_wconf 93' lang='lat' dir='ltr'>it</span> <span class='ocrx_word' id='word_1_183' title='bbox 395 2848 557 2915; x_wconf 85' lang='lat' dir='ltr'>Maecenas,</span> <span class='ocrx_word' id='word_1_184' title='bbox 582 2849 741 2909; x_wconf 90' lang='lat' dir='ltr'>dormitum</span> <span class='ocrx_word' id='word_1_185' title='bbox 766 2868 821 2926; x_wconf 91' lang='lat' dir='ltr'>ego</span> <span class='ocrx_word' id='word_1_186' title='bbox 837 2848 1052 2927; x_wconf 83' lang='lat' dir='ltr'>Vergiliusque,</span> 
     </span>
     <span class='ocr_line' id='line_1_32' title="bbox 217 2932 1024 3013; baseline 0.004 -22"><span class='ocrx_word' id='word_1_187' title='bbox 217 2932 348 3010; x_wconf 90' lang='lat' dir='ltr'>Namque</span> <span class='ocrx_word' id='word_1_188' title='bbox 372 2933 429 3012; x_wconf 91' lang='lat' dir='ltr'>pila</span> <span class='ocrx_word' id='word_1_189' title='bbox 453 2935 541 3013; x_wconf 86' lang='lat' dir='ltr'>lippis</span> <span class='ocrx_word' id='word_1_190' title='bbox 564 2934 716 2993; x_wconf 91' lang='lat' dir='ltr'>inimicum</span> <span class='ocrx_word' id='word_1_191' title='bbox 739 2945 769 2994; x_wconf 92' lang='lat' dir='ltr'>et</span> <span class='ocrx_word' id='word_1_192' title='bbox 791 2933 892 2995; x_wconf 90' lang='lat' dir='ltr'>ludere</span> <span class='ocrx_word' id='word_1_193' title='bbox 915 2932 1024 2994; x_wconf 89' lang='lat' dir='ltr'>erudis.</span> 
     </span>
     <span class='ocr_line' id='line_1_33' title="bbox 216 3016 920 3097; baseline 0.003 -21"><span class='ocrx_word' id='word_1_194' title='bbox 216 3016 294 3076; x_wconf 89' lang='lat' dir='ltr'>Hinc</span> <span class='ocrx_word' id='word_1_195' title='bbox 318 3037 372 3078; x_wconf 93' lang='lat' dir='ltr'>nos</span> <span class='ocrx_word' id='word_1_196' title='bbox 394 3018 498 3079; x_wconf 90' lang='lat' dir='ltr'>Coccei</span> <span class='ocrx_word' id='word_1_197' title='bbox 523 3019 630 3096; x_wconf 88' lang='lat' dir='ltr'>recipit</span> <span class='ocrx_word' id='word_1_198' title='bbox 652 3020 823 3097; x_wconf 88' lang='lat' dir='ltr'>plenissima</span> <span class='ocrx_word' id='word_1_199' title='bbox 846 3019 920 3085; x_wconf 87' lang='lat' dir='ltr'>villa,</span> 
     </span>
     <span class='ocr_line' id='line_1_34' title="bbox 217 3100 1160 3182; baseline 0.001 -22"><span class='ocrx_word' id='word_1_200' title='bbox 217 3103 298 3171; x_wconf 86' lang='lat' dir='ltr'>Quae</span> <span class='ocrx_word' id='word_1_201' title='bbox 321 3121 412 3180; x_wconf 87' lang='lat' dir='ltr'>super</span> <span class='ocrx_word' id='word_1_202' title='bbox 434 3115 478 3164; x_wconf 93' lang='lat' dir='ltr'>est</span> <span class='ocrx_word' id='word_1_203' title='bbox 500 3104 588 3164; x_wconf 88' lang='lat' dir='ltr'>Caudi</span> <span class='ocrx_word' id='word_1_204' title='bbox 612 3122 771 3182; x_wconf 88' lang='lat' dir='ltr'>cauponas.</span> <span class='ocrx_word' id='word_1_205' title='bbox 794 3102 943 3164; x_wconf 87' lang='lat' dir='ltr'>—Nunc</span> <span class='ocrx_word' id='word_1_206' title='bbox 965 3102 1036 3162; x_wconf 90' lang='lat' dir='ltr'>mihi</span> <span class='ocrx_word' id='word_1_207' title='bbox 1058 3100 1160 3182; x_wconf 91' lang='lat' dir='ltr'>paucis</span> 
     </span>
     <span class='ocr_line' id='line_1_35' title="bbox 217 3186 951 3267; baseline 0.003 -22"><span class='ocrx_word' id='word_1_208' title='bbox 217 3186 364 3246; x_wconf 89' lang='lat' dir='ltr'>Sarmenti</span> <span class='ocrx_word' id='word_1_209' title='bbox 387 3206 505 3247; x_wconf 88' lang='lat' dir='ltr'>scurrae</span> <span class='ocrx_word' id='word_1_210' title='bbox 527 3207 658 3267; x_wconf 92' lang='lat' dir='ltr'>pugnam</span> <span class='ocrx_word' id='word_1_211' title='bbox 682 3191 826 3266; x_wconf 89' lang='lat' dir='ltr'>Messique</span> <span class='ocrx_word' id='word_1_212' title='bbox 850 3188 951 3248; x_wconf 89' lang='lat' dir='ltr'>Cicirri</span> 
     </span>
     <span class='ocr_line' id='line_1_36' title="bbox 216 3270 1069 3351; baseline 0.002 -22"><span class='ocrx_word' id='word_1_213' title='bbox 216 3270 297 3329; x_wconf 90' lang='lat' dir='ltr'>Musa</span> <span class='ocrx_word' id='word_1_214' title='bbox 321 3271 405 3331; x_wconf 91' lang='lat' dir='ltr'>velim</span> <span class='ocrx_word' id='word_1_215' title='bbox 428 3291 574 3332; x_wconf 90' lang='lat' dir='ltr'>memores</span> <span class='ocrx_word' id='word_1_216' title='bbox 597 3283 626 3333; x_wconf 92' lang='lat' dir='ltr'>et</span> <span class='ocrx_word' id='word_1_217' title='bbox 649 3292 707 3350; x_wconf 93' lang='lat' dir='ltr'>quo</span> <span class='ocrx_word' id='word_1_218' title='bbox 730 3282 812 3351; x_wconf 90' lang='lat' dir='ltr'>patre</span> <span class='ocrx_word' id='word_1_219' title='bbox 836 3283 921 3332; x_wconf 91' lang='lat' dir='ltr'>natus</span> <span class='ocrx_word' id='word_1_220' title='bbox 943 3281 1069 3349; x_wconf 89' lang='lat' dir='ltr'>uterque</span> 
     </span>
     <span class='ocr_line' id='line_1_37' title="bbox 218 3353 940 3434; baseline 0.006 -20"><span class='ocrx_word' id='word_1_221' title='bbox 218 3353 382 3415; x_wconf 89' lang='lat' dir='ltr'>Contulerit</span> <span class='ocrx_word' id='word_1_222' title='bbox 404 3356 477 3416; x_wconf 91' lang='lat' dir='ltr'>litis:</span> <span class='ocrx_word' id='word_1_223' title='bbox 502 3357 587 3417; x_wconf 91' lang='lat' dir='ltr'>Messi</span> <span class='ocrx_word' id='word_1_224' title='bbox 611 3358 722 3418; x_wconf 90' lang='lat' dir='ltr'>clarum</span> <span class='ocrx_word' id='word_1_225' title='bbox 745 3376 839 3434; x_wconf 93' lang='lat' dir='ltr'>genus</span> <span class='ocrx_word' id='word_1_226' title='bbox 862 3357 940 3430; x_wconf 90' lang='lat' dir='ltr'>Osci,</span> 
     </span>
    </p>

    <p class='ocr_par' dir='ltr' id='par_1_3' title="bbox 144 3440 1021 3514">
     <span class='ocr_line' id='line_1_38' title="bbox 144 3440 1021 3514; baseline 0.002 -16"><span class='ocrx_word' id='word_1_227' title='bbox 144 3449 172 3498; x_wconf 79' lang='lat'>55</span> <span class='ocrx_word' id='word_1_228' title='bbox 218 3441 364 3500; x_wconf 91' lang='lat' dir='ltr'>Sarmenti</span> <span class='ocrx_word' id='word_1_229' title='bbox 386 3440 504 3501; x_wconf 89' lang='lat' dir='ltr'>domina</span> <span class='ocrx_word' id='word_1_230' title='bbox 527 3451 632 3514; x_wconf 82' lang='lat' dir='ltr'>exstat3</span> <span class='ocrx_word' id='word_1_231' title='bbox 656 3441 692 3502; x_wconf 92' lang='lat' dir='ltr'>ab</span> <span class='ocrx_word' id='word_1_232' title='bbox 715 3443 760 3503; x_wconf 88' lang='lat' dir='ltr'>his</span> <span class='ocrx_word' id='word_1_233' title='bbox 782 3442 942 3503; x_wconf 86' lang='lat' dir='ltr'>maioribus</span> <span class='ocrx_word' id='word_1_234' title='bbox 965 3441 1021 3502; x_wconf 89' lang='lat' dir='ltr'>orti</span> 
     </span>
    </p>
   </div>
   <div class='ocr_carea' id='block_1_3' title="bbox 130 3689 1208 3963">
    <p class='ocr_par' dir='ltr' id='par_1_4' title="bbox 130 3689 1208 3963">
     <span class='ocr_line' id='line_1_39' title="bbox 218 3689 1207 3759; baseline -0.002 -17"><span class='ocrx_word' id='word_1_235' title='bbox 218 3693 238 3742; x_wconf 90' lang='lat' dir='ltr'>V</span> <span class='ocrx_word' id='word_1_236' title='bbox 257 3710 280 3744; x_wconf 89' lang='grc' dir='ltr'>υ.</span> <span class='ocrx_word' id='word_1_237' title='bbox 299 3695 329 3745; x_wconf 80' lang='grc' dir='ltr'>2Ί</span> <span class='ocrx_word' id='word_1_238' title='bbox 349 3692 492 3756; x_wconf 86' lang='lat' dir='ltr'>Maecenas,</span> <span class='ocrx_word' id='word_1_239' title='bbox 511 3694 623 3758; x_wconf 88' lang='lat' dir='ltr'>optimus</span> <span class='ocrx_word' id='word_1_240' title='bbox 632 3695 719 3747; x_wconf 86' lang='lat' dir='ltr'>Bentl.</span> <span class='ocrx_word' id='word_1_241' title='bbox 737 3695 741 3759; x_wconf 88' lang='grc' dir='ltr'>Ι</span> <span class='ocrx_word' id='word_1_242' title='bbox 756 3696 790 3746; x_wconf 82' lang='grc'>36</span> <span class='ocrx_word' id='word_1_243' title='bbox 808 3695 935 3757; x_wconf 86' lang='lat' dir='ltr'>vatillum]</span> <span class='ocrx_word' id='word_1_244' title='bbox 948 3693 984 3754; x_wconf 81' lang='lat' dir='ltr'>cf.</span> <span class='ocrx_word' id='word_1_245' title='bbox 998 3693 1046 3744; x_wconf 83' lang='lat' dir='ltr'>Fr.</span> <span class='ocrx_word' id='word_1_246' title='bbox 1058 3689 1207 3740; x_wconf 78' lang='lat' dir='ltr'>Buecheler</span> 
     </span>
     <span class='ocr_line' id='line_1_40' title="bbox 134 3760 1208 3827; baseline -0.006 -12"><span class='ocrx_word' id='word_1_247' title='bbox 134 3762 246 3815; x_wconf 76' lang='lat' dir='ltr'>Umbrio.</span> <span class='ocrx_word' id='word_1_248' title='bbox 272 3778 299 3826; x_wconf 85' lang='lat' dir='ltr'>p.</span> <span class='ocrx_word' id='word_1_249' title='bbox 320 3763 366 3820; x_wconf 84' lang='grc'>63;</span> <span class='ocrx_word' id='word_1_250' title='bbox 396 3760 424 3811; x_wconf 79' lang='lat' dir='ltr'>G.</span> <span class='ocrx_word' id='word_1_251' title='bbox 445 3760 524 3810; x_wconf 78' lang='lat' dir='ltr'>Gootz</span> <span class='ocrx_word' id='word_1_252' title='bbox 549 3778 590 3826; x_wconf 85' lang='lat' dir='ltr'>ap.</span> <span class='ocrx_word' id='word_1_253' title='bbox 609 3761 745 3813; x_wconf 79' lang='lat' dir='ltr'>Loewr&#39;um</span> <span class='ocrx_word' id='word_1_254' title='bbox 770 3763 809 3826; x_wconf 80' lang='lat' dir='ltr'>gl.</span> <span class='ocrx_word' id='word_1_255' title='bbox 828 3779 898 3814; x_wconf 83' lang='lat' dir='ltr'>nom.</span> <span class='ocrx_word' id='word_1_256' title='bbox 927 3779 954 3827; x_wconf 84' lang='lat' dir='ltr'>p.</span> <span class='ocrx_word' id='word_1_257' title='bbox 975 3764 1022 3814; x_wconf 78' lang='lat' dir='ltr'>tto</span> <span class='ocrx_word' id='word_1_258' title='bbox 1040 3775 1066 3809; x_wconf 84' lang='lat' dir='ltr'>n.</span> <span class='ocrx_word' id='word_1_259' title='bbox 1094 3764 1208 3810; x_wconf 71' lang='lat' dir='ltr'>anoton</span> 
     </span>
     <span class='ocr_line' id='line_1_41' title="bbox 130 3823 1206 3897; baseline 0 -19"><span class='ocrx_word' id='word_1_260' title='bbox 130 3831 161 3881; x_wconf 86' lang='lat' dir='ltr'>Il.</span> <span class='ocrx_word' id='word_1_261' title='bbox 180 3829 343 3894; x_wconf 78' lang='lat' dir='ltr'>Nettlorlaip:</span> <span class='ocrx_word' id='word_1_262' title='bbox 361 3828 475 3880; x_wconf 83' lang='lat' dir='ltr'>batillum</span> <span class='ocrx_word' id='word_1_263' title='bbox 495 3831 529 3893; x_wconf 86' lang='lat' dir='ltr'>(v)</span> <span class='ocrx_word' id='word_1_264' title='bbox 551 3828 555 3892; x_wconf 96' lang='grc' dir='ltr'>Ι</span> <span class='ocrx_word' id='word_1_265' title='bbox 580 3832 611 3882; x_wconf 86' lang='grc'>39</span> <span class='ocrx_word' id='word_1_266' title='bbox 630 3832 743 3895; x_wconf 88' lang='lat' dir='ltr'>proxima</span> <span class='ocrx_word' id='word_1_267' title='bbox 771 3833 776 3896; x_wconf 76' lang='grc' dir='ltr'>Ι</span> <span class='ocrx_word' id='word_1_268' title='bbox 801 3832 829 3881; x_wconf 83' lang='grc'>51</span> <span class='ocrx_word' id='word_1_269' title='bbox 851 3830 934 3881; x_wconf 90' lang='lat' dir='ltr'>claudi</span> <span class='ocrx_word' id='word_1_270' title='bbox 963 3830 966 3897; x_wconf 88' lang='grc' dir='ltr'>Ι</span> <span class='ocrx_word' id='word_1_271' title='bbox 994 3829 1026 3880; x_wconf 76' lang='lat'>52</span> <span class='ocrx_word' id='word_1_272' title='bbox 1046 3826 1144 3888; x_wconf 88' lang='lat' dir='ltr'>Cicirri]</span> <span class='ocrx_word' id='word_1_273' title='bbox 1169 3823 1206 3886; x_wconf 75' lang='lat' dir='ltr'>cf.</span> 
     </span>
     <span class='ocr_line' id='line_1_42' title="bbox 131 3896 896 3963; baseline 0.004 -18"><span class='ocrx_word' id='word_1_274' title='bbox 131 3898 225 3963; x_wconf 71' lang='lat' dir='ltr'>Bentl,</span> <span class='ocrx_word' id='word_1_275' title='bbox 242 3898 376 3962; x_wconf 76' lang='lat' dir='ltr'>Bergkiur</span> <span class='ocrx_word' id='word_1_276' title='bbox 393 3912 481 3962; x_wconf 72' lang='lat' dir='ltr'>opusc.</span> <span class='ocrx_word' id='word_1_277' title='bbox 500 3896 519 3948; x_wconf 89' lang='lat' dir='ltr'>M</span> <span class='ocrx_word' id='word_1_278' title='bbox 538 3899 595 3962; x_wconf 75' lang='lat'>274,</span> <span class='ocrx_word' id='word_1_279' title='bbox 610 3906 622 3945; x_wconf 81' lang='lat'><strong>5</strong></span> <span class='ocrx_word' id='word_1_280' title='bbox 639 3901 644 3963; x_wconf 81' lang='grc' dir='ltr'>Ι</span> <span class='ocrx_word' id='word_1_281' title='bbox 659 3899 747 3949; x_wconf 87' lang='lat' dir='ltr'>cicerri</span> <span class='ocrx_word' id='word_1_282' title='bbox 767 3897 802 3957; x_wconf 77' lang='lat' dir='ltr'>cf.</span> <span class='ocrx_word' id='word_1_283' title='bbox 822 3913 845 3948; x_wconf 82' lang='lat' dir='ltr'>a.</span> <span class='ocrx_word' id='word_1_284' title='bbox 865 3900 896 3948; x_wconf 85' lang='lat'>65</span> 
     </span>
    </p>
   </div>
   <div class='ocr_carea' id='block_1_4' title="bbox 0 0 1339 4448">
    <p class='ocr_par' dir='ltr' id='par_1_5' title="bbox 0 0 1339 4448">
     <span class='ocr_line' id='line_1_43' title="bbox 0 0 1339 4448; baseline 0 0"><span class='ocrx_word' id='word_1_285' title='bbox 0 0 1339 4448; x_wconf 95' lang='lat' dir='ltr'> </span> 
     </span>
    </p>
   </div>
  </div>
 </body>
</html>
