2656 4448
545 221 675 274 EPODON
694 225 718 276 4.
737 226 760 275 5.

633 395 669 453 IV

245 512 336 590 anis
359 522 388 571 et
409 511 493 590 agnis
515 523 623 590 quanta
646 514 751 575 sortito
775 515 879 593 obtigit

293 596 403 656 Tecum
426 596 496 656 nribi
518 596 663 658 discordia
686 611 739 672 est,

246 681 391 742 Hibericis
413 691 533 760 peruste
556 683 676 744 funibus
698 684 774 746 latus

293 766 331 826 Et
353 785 437 827 crura
461 767 533 827 dura
556 768 698 846 compede
706 786 715 842 ;

245 851 327 912 Licet
349 852 496 930 superbus
518 852 650 914 ambules
671 854 807 933 pecnnia,

291 935 423 996 Fortuna
446 957 506 997 non
531 948 623 998 mntat
644 957 748 1017 genus

246 1021 381 1093 Videsne,
404 1040 514 1081 sacram
538 1023 680 1083 metiente
703 1032 731 1083 te
754 1023 827 1082 viam

293 1106 366 1167 Cum
387 1105 433 1166 bis
454 1107 544 1167 trium
566 1109 703 1168 ulnarum
726 1118 803 1185 toga,

246 1191 283 1251 Ut
306 1210 357 1251 ora
379 1201 472 1252 vertat
493 1193 551 1253 bue
574 1205 603 1253 et
625 1194 683 1254 bue
705 1194 839 1254 euntium

292 1275 454 1336 Liberrinra
475 1277 661 1356 indignatio?

244 1353 362 1422 ‘Sectns
385 1361 506 1440 flagellis
529 1363 576 1422 bio
599 1363 828 1423 triumviralibus

104 1518 106 1523 Ι
293 1447 452 1507 Praeconis
475 1447 509 1506 ad
533 1448 680 1508 fastidium

183 1559 184 1562 ¹
247 1533 315 1590 brat
339 1532 455 1591 Falerni
479 1532 557 1592 mille
580 1531 663 1592 lundi
685 1532 786 1609 iugera

292 1615 330 1675 Et
353 1617 476 1694 Appiam
500 1617 616 1678 mannis
638 1617 708 1677 terit

247 1700 452 1779 sedilibusque
474 1719 599 1779 magnus
621 1702 651 1762 in
675 1702 776 1781 primis
798 1721 889 1781 eques

294 1786 412 1847 Othone
435 1796 605 1865 contempto
627 1786 718 1848 sedet.

248 1871 324 1941 Quid
347 1873 450 1933 attinet
473 1882 516 1933 tot
540 1890 590 1931 ora
614 1873 732 1932 naviuin
755 1872 835 1952 gravi

292 1957 426 2019 Rostrata
449 1959 516 2018 duci
538 1958 672 2036 pondere

248 2040 355 2102 Contra
379 2045 508 2105 latrones
530 2053 618 2121 atque
640 2042 774 2104 servilem
797 2060 917 2102 manunt

294 2126 366 2200 Hoc,
390 2129 447 2189 boe
470 2129 590 2189 tribuno
613 2121 775 2188 militnm‘l'

648 2434 668 2488 V

245 2546 296 2610 ‘At
319 2571 335 2610 o
359 2548 481 2609 deorum
505 2551 647 2629 quidquid
670 2551 699 2610 in
724 2550 804 2610 eaelo
828 2549 902 2626 regit

295 2636 401 2696 Terras
424 2646 453 2694 et
474 2636 636 2697 humanum
659 2654 763 2712 genus,

250 2720 327 2791 Quid
348 2721 403 2779 iste
425 2721 483 2780 lert
505 2718 670 2781 tumultus?
693 2731 722 2780 et
745 2719 815 2798 quid
838 2718 971 2778 omniunt

296 2805 399 2866 Voltus
421 2804 451 2864 in
474 2824 568 2865 unum
591 2825 638 2865 me
659 2802 779 2865 truces?

250 2891 307 2950 Per
327 2890 437 2950 liberos
461 2899 498 2963 te,
522 2891 546 2951 si
568 2900 668 2951 vocata
691 2888 835 2969 partubus

296 2975 407 3036 Lucina
429 2976 506 3035 veris
528 2975 629 3049 adluit,

251 3061 309 3120 Per
329 3061 386 3121 boe
408 3060 498 3120 inane
519 3079 671 3140 purpurae
693 3060 783 3119 decus
806 3075 921 3136 precor,

298 3146 354 3205 Per
376 3145 610 3223 improbaturum
633 3146 706 3205 haee
727 3144 836 3216 lovem,

252 3229 328 3300 Quid
352 3241 384 3291 ut
405 3250 531 3291 noverca
555 3251 601 3291 me
623 3230 747 3291 intueris
769 3239 820 3289 aut
842 3228 884 3288 uti

298 3315 393 3376 Petita
416 3307 641 3377 l'errobelna‘l'

252 3398 290 3459 Ut
312 3400 384 3461 haec
407 3403 544 3462 trementi
568 3412 689 3480 questus
712 3419 763 3461 ore
787 3398 919 3459 constitit

298 3485 468 3566 Insignibus
490 3488 581 3566 raptis
603 3506 690 3566 puers

124 3655 295 3664 ———...-.
301 3660 331 3664 ψ..

146 3841 151 3852 .
179 3770 284 3890 Bllzlv.
303 3775 318 3824 8
338 3774 422 3835 trium]
449 3774 474 3827 C.
497 3773 583 3823 narrt
606 3771 708 3822 advers.
727 3771 777 3821 LlV
802 3774 843 3833 26,
867 3767 966 3819 benit:
991 3775 1029 3816 ter
1056 3764 1059 3826 ἰ
1091 3764 1121 3814 ll
1141 3775 1198 3811 aera

125 3854 160 3889 ct.
202 3856 235 3889 en
257 3878 264 3891 .

214 3907 234 3956 V
253 3925 276 3958 o.
297 3912 309 3961 1
328 3911 396 3975 regis
414 3910 449 3974 (o)
466 3909 469 3976 l
486 3910 500 3960 3
520 3917 563 3959 aut
