2656 4448
65 333 68 337 .
127 254 188 312 214
499 254 729 307 EPISTULARUM
748 255 769 307 ll
789 260 811 310 1.

212 427 365 488 Interdum
385 427 488 505 volgus
511 438 623 487 rectum
646 427 734 497 videt,
758 437 801 489 est
823 428 874 489 ubi
897 440 1010 508 peccat.

212 513 243 573 Si
264 523 379 574 veteres
400 513 438 572 ita
461 513 584 573 miratur
605 512 763 591 laudatque
786 524 899 593 poetas,

138 609 167 659 ua
210 597 248 658 Ut
271 599 344 659 nihil
365 598 518 666 anteierat
542 597 614 658 nihil
636 598 693 659 illis
717 608 878 677 comparet,
901 608 995 673 errat;

214 682 244 742 Si
268 685 409 762 quaedam
433 683 520 743 nimis
542 683 672 760 antique,
697 683 721 743 si
742 684 884 764 pleraque
906 685 979 745 dure

212 768 316 829 Dicere
339 769 431 829 credit
454 786 513 839 eos,
536 768 640 845 ignave
663 768 754 828 multa
775 770 892 841 fatetur,

212 852 250 912 Et
272 855 347 934 sapit
369 864 399 914 et
420 870 536 912 mecum
560 853 629 913 lacit
652 863 682 913 et
704 853 771 913 love
794 854 903 914 iudicat
925 872 1029 932 aequo.

211 937 276 999 Non
302 939 438 1017 equidem
460 938 592 998 insector
613 937 771 998 delendave
795 941 926 1000 carmina
947 938 1008 999 Livi

139 1034 168 1083 ro
213 1022 286 1085 Esse
308 1042 387 1094 reor,
409 1023 531 1084 memini
555 1041 629 1101 quae
652 1022 805 1102 plagosum
828 1025 899 1084 mihi
922 1042 1013 1103 parvo

214 1108 359 1169 Orbilium
382 1108 500 1174 dictare,
524 1108 575 1167 sed
599 1109 752 1168 emendata
774 1109 865 1169 videri

216 1193 401 1270 Pulchraque
423 1202 452 1253 et
475 1193 583 1253 exactis
605 1193 760 1253 minimum
784 1193 919 1255 distantia
943 1195 1044 1254 miror.

216 1277 296 1338 lnter
319 1297 394 1357 quae
416 1278 537 1338 verbum
562 1279 682 1338 emicuit
705 1279 729 1338 si
751 1280 830 1339 lorte
853 1278 1004 1349 decorum,

212 1364 244 1424 Si
267 1382 368 1425 versus
390 1364 489 1443 paullo
513 1364 691 1423 concinnior
712 1382 792 1424 unus
814 1373 843 1424 et
865 1365 948 1442 alter,

141 1458 169 1507 tt
216 1447 328 1510 Iniuste
350 1458 443 1509 totum
467 1449 548 1508 ducit
569 1448 728 1526 venditque
751 1468 866 1528 poema.

214 1533 359 1612 Indignor
381 1534 536 1611 quicquam
560 1534 749 1612 reprehendi,
774 1554 833 1594 non
859 1535 927 1614 quia
950 1552 1046 1594 crasse

214 1618 414 1699 Compositum
438 1618 601 1696 inlepideve
623 1628 754 1697 putetur,
778 1619 828 1680 sed
851 1621 918 1698 quia
943 1637 1048 1697 nuper,

214 1704 276 1765 Nec
297 1705 411 1765 veniam
434 1703 573 1781 antiquis,
596 1705 647 1764 sed
670 1705 815 1764 honorem
839 1716 868 1764 et
890 1705 1018 1784 praemia
1044 1705 1138 1782 posci.

211 1789 302 1851 Recte
326 1808 421 1850 necne
444 1807 563 1849 crocum
587 1789 735 1866 floresque
758 1789 942 1870 perambulet
964 1789 1048 1849 atne

139 1882 168 1933 80
214 1874 323 1935 Fabula
347 1875 370 1935 si
394 1874 534 1936 dubitem.
558 1873 686 1933 clament
707 1876 820 1952 perisse
842 1876 985 1955 pudorem

211 1960 317 2021 Cuncti
338 1977 433 2039 paene
456 1970 564 2039 patres,
587 1977 619 2018 ea
643 1977 709 2018 cum
733 1960 953 2039 reprehendere
980 1977 1081 2029 coner,

213 2044 295 2115 Quae
317 2045 413 2122 gravis
435 2047 577 2122 Aesopus,
600 2061 674 2121 quae
698 2044 803 2105 doctus
825 2045 949 2106 Roscius
971 2043 1039 2123 egit,

213 2129 265 2189 Vel
288 2131 356 2207 quia
380 2130 420 2188 nil
443 2138 567 2195 rectum,
592 2128 646 2188 nisi
670 2129 750 2206 quod
773 2130 882 2207 placuit
904 2129 969 2198 sibi,
993 2128 1117 2200 ducunt,

214 2214 265 2272 Vel
289 2215 356 2292 quia
379 2223 464 2291 turpe
487 2221 593 2290 putant
615 2231 720 2291 parere
744 2215 909 2276 minoribus
932 2223 961 2276 et
984 2231 1058 2292 quae

139 2305 168 2358 85
211 2298 355 2360 lnberbes
377 2297 504 2358 didicere
526 2316 613 2357 senes
636 2298 785 2377 perdenda
809 2301 901 2360 lateri.

212 2384 272 2444 lam
296 2384 406 2445 Saliare
428 2383 540 2444 Numae
564 2402 682 2444 carmen
707 2386 758 2462 qui
781 2386 877 2446 laudat
900 2394 927 2445 et
950 2383 1031 2456 illud,

212 2468 300 2539 ouon
320 2488 435 2529 mecum
459 2470 585 2548 ignorat,
607 2469 688 2530 solus
709 2471 768 2530 volt
790 2471 866 2530 scire
887 2469 989 2535 videri,

212 2553 343 2632 ingeniis
366 2574 426 2615 non
450 2555 498 2614 ille
521 2555 597 2614 favet
618 2555 788 2635 plauditque
810 2555 941 2634 sepultis,

213 2639 318 2700 Nostra
341 2640 392 2701 sed
414 2640 577 2718 impugnat,
602 2659 657 2701 nos
682 2651 840 2718 nostraque
864 2639 967 2700 lividus
990 2639 1060 2699 odit.

140 2733 170 2784 90
213 2725 298 2794 Quod
323 2727 347 2785 si
370 2736 428 2785 tam
452 2726 570 2785 Graecis
593 2726 707 2786 novitas
730 2726 822 2786 invisa
845 2727 948 2786 fuisset
1082 2788 1084 2792 ,

213 2808 308 2879 Onam
331 2810 427 2880 nobis,
451 2810 522 2888 quid
546 2827 627 2869 nunc
650 2821 727 2870 esset
749 2809 854 2871 vetus?
875 2821 927 2873 aut
949 2809 1018 2888 quid
1041 2807 1174 2883 haberet,

214 2893 300 2964 Quod
323 2896 435 2972 legeret
456 2905 625 2972 tereretque
649 2896 754 2955 viritim
778 2896 915 2974 publicus
937 2892 1030 2956 usus?
1053 2928 1093 2938 —

212 2979 250 3039 Ut
272 2981 401 3060 primum
424 2981 526 3060 positis
550 2981 655 3058 nugari
679 2980 799 3040 Graecia
822 2981 905 3042 bellis

212 3063 314 3145 Coepit
337 3076 366 3125 et
387 3067 418 3125 in
440 3067 541 3126 vitium
564 3067 684 3125 lortuna
707 3065 799 3125 labier
821 3084 921 3144 aequa,

139 3158 168 3208 95
212 3150 298 3210 Nunc
321 3151 495 3212 athletarum
519 3150 631 3217 studiis,
655 3169 736 3210 nunc
759 3151 829 3211 arsit
851 3168 1004 3229 equorum,

212 3235 366 3297 blarmoris
388 3247 438 3295 aut
461 3236 558 3297 eboris
581 3235 681 3296 fabros
703 3246 754 3295 ant
774 3237 851 3296 aeris
873 3235 986 3299 amavit.

214 3320 374 3399 Suspendit
396 3323 474 3400 picta
495 3321 604 3380 voltum
628 3331 819 3399 mentemque
841 3321 954 3388 tabella,

212 3405 299 3466 Nunc
321 3405 502 3467 tibicinibus.
527 3424 607 3465 nunc
630 3416 674 3466 est
696 3407 791 3483 gavisa
814 3406 978 3484 tragoedis3

214 3490 275 3550 Sub
300 3491 414 3551 nutrice
437 3490 533 3570 puella
556 3490 635 3549 velut
657 3491 681 3550 si
704 3491 820 3551 luderet
842 3492 949 3562 inians,

129 3585 171 3636 loo
214 3575 302 3646 Quod
325 3575 431 3655 cupide
455 3576 548 3654 petiit,
571 3584 685 3635 mature
707 3575 794 3655 plena
817 3576 946 3655 reliquit.

213 3809 264 3860 lo.
284 3814 315 3861 'll
334 3810 498 3877 inlepideque
513 3809 518 3875 Ι
534 3812 566 3863 85
584 3811 692 3861 imberbi
712 3812 846 3878 Cruquius
868 3812 940 3871 (nam
960 3810 1052 3859 lemma
1072 3822 1204 3858 commart-

128 3881 226 3926 totora's
243 3895 268 3942 q.
282 3879 306 3931 d.
327 3879 477 3943 Cmquioni
493 3880 524 3928 io
542 3895 647 3930 censum
665 3883 757 3931 uenire
774 3881 876 3946 nequit)
891 3880 896 3943 Ι
911 3875 1053 3944 spernenda
1064 3875 1084 3926 1.
1096 3876 1205 3942 Moahly

128 3944 229 3995 Satura
247 3946 339 4006 (Bocil.
358 3964 384 3996 α.
405 3949 481 4010 1886)
496 3963 523 4012 p.
546 3950 575 3999 12
