2656 4448
536 226 707 279 unuutuunt
725 227 754 281 lii
773 231 813 281 29.

268 399 327 458 lam
351 406 451 476 pastor
474 399 593 461 umbras
616 419 682 460 curn
705 419 792 478 grege
817 401 954 481 languido

265 483 430 561 Rirurnque
453 485 546 546 fessus
570 485 683 563 quaerit
706 495 735 545 et
756 485 867 547 horridi

314 568 435 629 dumeta
459 569 566 630 Silvani
590 580 728 648 caretque

362 653 435 732 Ripa
457 655 537 734 vagis
559 655 704 716 taciturne
728 656 835 717 ventis:

222 838 224 844 .
265 788 309 848 Tu
332 787 475 848 civitatem
500 789 564 867 quis
587 791 688 850 deceat
709 798 800 850 status

266 872 355 932 Cures
378 882 407 933 et
430 873 496 933 urbi
519 873 662 935 sollicitus
683 875 778 947 times,

312 956 388 1026 Quid
412 957 498 1018 Seres
520 969 549 1018 et
571 969 691 1037 regnata
715 958 789 1039 Cyro

361 1041 464 1102 Bactra
486 1053 591 1121 parent
613 1045 778 1122 Tanaisque
802 1043 923 1105 discors.
949 1078 985 1088 -

265 1177 398 1238 Prudens
421 1178 511 1238 futuri
533 1179 675 1257 temporis
698 1179 807 1238 exitum

264 1262 426 1341 Caliginosa
450 1273 537 1323 nocte
559 1264 666 1341 premit
687 1264 769 1335 deus,

314 1346 468 1424 dicetque,
491 1348 515 1407 si
537 1348 669 1407 mortalis
691 1348 768 1407 ultra

360 1431 416 1490 Fas
438 1432 572 1510 trepidat.
619 1432 702 1501 Quod
726 1432 806 1492 adest
828 1442 976 1492 memento

264 1564 449 1642 Componere
472 1583 598 1642 aequus:
623 1575 718 1626 cetera
742 1565 872 1625 fluminis

264 1650 333 1710 Ritu
356 1650 502 1722 seruntur,
527 1667 608 1711 nunc
630 1650 726 1710 rnedio
749 1650 829 1708 alveo

310 1733 382 1793 Cum
403 1753 476 1812 pace
498 1735 661 1795 delabentis
683 1735 840 1795 Etruscum

361 1818 393 1878 ln
418 1838 508 1894 mare,
531 1838 612 1880 nunc
635 1820 745 1900 lapides
767 1819 869 1879 adesos

262 1953 427 2032 Stirpisque
449 1966 547 2034 raptas
570 1964 599 2015 et
619 1973 710 2034 pecus
733 1964 761 2014 et
784 1954 886 2015 domos

262 2037 410 2099 Volventis
433 2059 491 2100 una
516 2059 576 2100 non
601 2041 664 2100 sine
686 2040 832 2099 montium

310 2122 442 2185 Clamore
464 2126 636 2203 vicinaeque
658 2125 754 2196 silvae,

358 2207 429 2268 Cum
454 2211 513 2271 sera
536 2210 657 2270 diluvies
679 2210 794 2288 quietos

260 2342 363 2402 lnritat
386 2347 488 2405 amnis.
534 2345 584 2405 llle
608 2354 714 2424 potens
737 2345 781 2405 sui

260 2426 425 2507 Laetusque
448 2429 542 2506 deget,
566 2431 613 2489 cui
636 2430 703 2489 lieet
724 2429 753 2487 in
779 2429 854 2489 diem

306 2512 418 2574 uixisse
438 2507 540 2574 ‘vixi'z
563 2532 628 2574 eras
650 2514 694 2573 vel
717 2522 778 2573 atra

357 2598 440 2658 Nube
463 2599 562 2676 polum
586 2607 669 2677 pater
692 2606 835 2676 occupato

261 2730 313 2790 Vel
335 2731 395 2791 sole
418 2751 509 2812 puro;
533 2752 593 2793 non
617 2742 714 2793 tarnen
738 2733 858 2791 inritum

260 2815 473 2894 Quodcumque
495 2827 573 2878 retro
597 2826 641 2878 est
663 2817 770 2876 efficiet
792 2835 889 2895 neque

306 2901 446 2980 Diffinget
467 2903 668 2979 infectumque
691 2902 792 2960 reddet

358 2986 442 3055 Quod
465 2987 582 3064 fugiens
605 2987 695 3047 semel
719 2986 789 3045 hora
813 2986 898 3045 vexit.
922 3018 960 3028 -

261 3118 393 3181 Fortuna
416 3141 501 3183 saevo
524 3123 597 3182 laeta
621 3121 738 3200 negotio
762 3131 790 3180 et

259 3204 374 3266 Ludunt
398 3208 573 3268 insolentem
596 3207 698 3268 ludere
720 3206 855 3285 pertinax

305 3291 493 3353 Transmutat
515 3295 643 3354 incertos
666 3293 804 3363 honores,

357 3377 441 3438 Nunc
462 3379 541 3452 mihi,
565 3397 645 3439 nunc
667 3378 713 3437 aiii
736 3377 873 3451 benigna.

129 3526 325 3534 ——-—.-..

216 3624 295 3675 XXIX
316 3641 339 3677 v.
358 3628 390 3677 32
408 3626 518 3691 trepidet
545 3627 549 3691 Ι
577 3629 610 3678 34
635 3642 744 3692 aequore
768 3629 801 3691 (o)
826 3627 829 3690 Ι
854 3628 886 3677 37
905 3631 999 3694 raptas]
1017 3653 1051 3671 =
1070 3627 1126 3677 eod.
1147 3627 1200 3678 Cle

129 3694 206 3743 durtii
226 3691 248 3742 V
265 3709 290 3758 p.
309 3696 349 3755 40,
369 3696 383 3745 8
402 3693 426 3744 Κ
430 3715 435 3744 :
453 3699 541 3760 raptos
559 3697 598 3744 idi
615 3696 753 3744 Petronius
773 3695 817 3745 Gr.
837 3693 896 3746 Lot.
912 3712 939 3760 p.
960 3696 1023 3747 1895
1040 3696 1044 3761 Ι
1059 3697 1092 3745 43
1110 3687 1199 3757 ‘vixi']

125 3763 241 3826 primus,
259 3762 331 3826 quod
347 3765 438 3825 sciam,
452 3766 600 3826 praeeunte
619 3762 733 3812 otiorum
746 3766 975 3828 interpretatione,
993 3760 999 3778 ¹
1017 3760 1025 3781 '
1044 3765 1165 3825 signauit
1176 3763 1203 3811 H

128 3829 210 3892 (idem
228 3833 297 3878 certe
316 3833 369 3879 iarn
387 3832 510 3880 indicere
527 3830 613 3879 voluit
630 3829 708 3880 Mein.
727 3830 841 3880 Dixisse:
864 3831 956 3896 Vixi:);
974 3824 1155 3880 ‘vixi-vexit’
1174 3846 1198 3882 u.

127 3898 162 3950 48
181 3901 222 3960 (=
243 3896 294 3960 uls)
313 3890 544 3948 et‘vixi-Pollux'
564 3915 588 3948 u.
607 3900 640 3949 64
657 3900 700 3961 (=
717 3898 750 3952 1⁴¹.
769 3898 874 3960 uittam
891 3900 932 3964 M)
951 3899 984 3950 αΙ.
