2656 4448
538 209 668 262 EPODON
689 214 727 263 15.
748 214 786 263 16.

212 382 284 445 Cum
309 391 349 453 tn,
371 399 548 460 magnorum
573 400 684 442 numen
708 384 821 444 laesura
844 383 976 457 deorum,

280 467 313 526 ln
336 466 425 527 verba
447 467 565 528 iurabas
585 486 660 540 mea,

210 551 312 612 Artius
333 561 421 628 atque
444 550 551 612 hedera
573 570 697 631 procera
720 553 912 631 adstringitur
933 554 999 627 ilex,

278 636 380 697 Lentis
403 636 566 697 adhaerens
587 637 741 711 bracchiis,

211 721 287 780 Dum
309 722 409 800 pecori
432 722 520 800 lupus
543 730 571 781 et
595 722 692 782 nautis
714 723 839 783 inlestns
862 721 955 783 Orion

279 805 426 866 Turbaret
447 806 604 867 hibernum
628 825 708 866 mare

210 890 409 969 lntonsosqne
431 891 554 969 agitaret
576 891 721 969 Apollinis
743 910 814 952 aura
836 891 969 969 capillos,

277 975 354 1036 Fore
376 976 457 1036 bunc
481 994 610 1036 amorem
632 988 780 1049 mutuum,

211 1060 235 1122 Ο
259 1060 384 1121 dolitura
407 1080 471 1121 mea
494 1062 618 1122 multum
641 1062 749 1123 virtute
771 1062 896 1122 Neaera:

232 1205 233 1209 ,
278 1145 350 1205 Nam
373 1147 469 1225 siquid
491 1146 522 1206 in
546 1146 651 1207 Flacco
673 1147 728 1206 viri
751 1156 804 1218 est,

212 1229 279 1290 Non
302 1230 377 1290 leret
398 1231 533 1291 adsiduas
554 1232 664 1309 potiori
686 1240 714 1291 te
738 1232 806 1293 dare
829 1241 932 1292 noctes

280 1313 318 1375 Et
340 1325 462 1392 quaeret
484 1317 576 1376 iratus
599 1335 708 1394 parem,

211 1399 272 1460 Nec
294 1401 385 1460 semel
408 1402 537 1461 offensae
561 1400 645 1460 cedet
667 1404 832 1463 constantia
855 1404 976 1475 formae,

280 1483 310 1544 Si
334 1494 433 1545 certus
454 1485 572 1544 intrarit
594 1485 686 1544 dolor.
709 1521 752 1530 -

211 1567 250 1628 Et
270 1577 313 1642 tu,
337 1570 516 1647 quicumque
539 1589 570 1630 es
593 1570 707 1629 felicior
728 1580 818 1650 atque
840 1590 907 1632 meo
930 1590 1012 1631 nunc

281 1653 435 1732 Superbus
457 1655 570 1714 incedis
592 1655 678 1724 malo,
704 1686 707 1693 ·

212 1737 258 1799 Sis
280 1756 389 1817 pecore
412 1748 442 1800 et
463 1739 553 1805 multa
578 1739 656 1800 dives
679 1739 784 1802 tellure
807 1739 906 1801 licebit

201 1874 204 1879 .
280 1821 405 1902 Tibiqne
428 1824 565 1885 Pactolus
588 1826 659 1884 lluat

211 1907 272 1969 Nec
294 1916 323 1967 te
346 1909 529 1988 Pythagorae
551 1909 653 1969 fallant
675 1928 782 1969 arcana
804 1910 900 1970 renati

280 1992 446 2073 Formaque
469 1996 569 2055 vincas
590 1995 686 2067 Nirea,

213 2076 307 2148 Eheu,
330 2081 487 2140 translatos
510 2081 566 2140 alio
589 2079 735 2141 maerebis
758 2098 887 2141 amores:

280 2164 333 2223 Ast
355 2183 408 2243 ego
430 2165 557 2226 vicissim
580 2166 683 2226 risero.

635 2434 699 2492 XVI

213 2551 312 2611 Altera
335 2552 392 2611 iam
416 2553 521 2613 teritur
544 2552 627 2612 bellis
650 2551 781 2612 civilibus
804 2562 890 2624 aetas

282 2635 349 2696 Suis
372 2637 485 2716 etipsa
508 2637 601 2697 Roma
622 2636 733 2697 viribus
756 2637 823 2697 ruit.

214 2719 308 2790 Quam
332 2739 428 2800 neque
450 2723 566 2782 finitimi
590 2722 744 2782 valuerunt
765 2722 888 2800 perdere
913 2721 999 2781 Marsi

281 2805 403 2867 Minacis
426 2816 476 2867 aut
497 2807 621 2867 Etrusca
644 2807 792 2866 Porsenae
814 2825 928 2877 manus,

216 2891 338 2950 Aemula
362 2910 418 2952 nec
439 2892 531 2952 virtus
554 2893 669 2970 Capuae
693 2910 748 2951 nec
771 2892 930 2970 Spartacus
951 2908 1019 2950 acer

283 2975 430 3054 Novisque
453 2972 543 3037 rebus
564 2977 691 3037 infidelis
712 2975 862 3047 Allobrox,

216 3058 277 3119 Nec
300 3061 360 3121 lera
384 3062 517 3123 caerulea
540 3062 653 3122 domuit
676 3061 832 3121 Germania
854 3061 933 3140 pube

284 3145 517 3225 Parentibusque
540 3146 725 3206 abominatus
747 3146 903 3220 Hannibal,

215 3227 306 3307 Impia
329 3233 487 3310 perdemus
510 3232 606 3292 devoti
628 3231 781 3307 sanguinis
804 3241 883 3292 aetas

283 3314 423 3395 Ferisqne
445 3336 550 3378 rursus
573 3316 766 3396 occupabitur
789 3317 901 3390 solum;

215 3397 363 3461 Barbarus
386 3404 443 3463 heu
466 3402 581 3463 cineres
603 3402 718 3463 insistet
739 3403 834 3462 victor
857 3412 886 3462 et
910 3401 1013 3462 urbem

282 3483 382 3561 Eques
404 3496 529 3547 sonante
553 3487 717 3547 verberabit
739 3487 850 3566 ungula

132 3618 334 3628 ———

216 3683 262 3735 XV
279 3702 303 3736 o.
323 3689 400 3750 leqq.
425 3702 448 3737 υ.
476 3687 504 3736 V
516 3686 572 3737 ind.
596 3686 653 3735 leet.
681 3688 768 3738 Berol.
796 3691 860 3737 aest.
888 3703 912 3736 a.
943 3687 1007 3739 1888
1037 3700 1064 3749 p.
1088 3688 1104 3736 4
1127 3682 1177 3746 uf)
1199 3680 1203 3751 Ι

130 3753 146 3803 8
166 3753 274 3813 turbarit
291 3755 326 3818 (o)
350 3754 353 3819 Ι
378 3758 394 3807 9
413 3754 516 3819 agitarit
535 3756 570 3816 (o)
592 3754 596 3817 Ι
620 3757 649 3804 15
669 3753 759 3807 offensi
777 3756 913 3815 Ps.·Acro;
935 3753 1088 3818 Gogavz'nue
1107 3752 1204 3802 abach.

130 3825 249 3874 omioeor.
276 3824 306 3871 in
336 3823 399 3874 Hor.
426 3827 495 3887 poet.
521 3821 632 3872 santoni
653 3824 715 3874 1567
733 3839 759 3888 p.
779 3826 825 3883 35;
853 3822 935 3873 uenat.
963 3822 968 3888 Ι
995 3819 1204 3874 21Panrnoidae

131 3889 174 3941 W.
192 3889 306 3940 Ribbeck
324 3907 391 3941 mus.
407 3891 473 3956 pbil.
493 3892 534 3954 38,
553 3893 600 3941 471
619 3888 672 3958 123
691 3890 808 3943 heuheu
827 3896 875 3942 ete.
