2656 4448
513 205 684 258 counimur
701 206 732 258 lll
750 209 791 261 24.

246 379 304 440 llos
327 386 371 439 est
393 396 497 457 magna
520 379 689 457 parentium

292 462 392 524 Virtus
414 471 443 523 et
464 471 600 524 metucns
622 463 742 524 alterius
763 463 817 523 viri

246 547 332 609 Certo
355 548 473 608 loedere
495 548 621 620 castitas,

292 632 330 693 Et
352 651 475 711 peccare
499 633 580 693 nolas
602 641 652 693 aut
673 633 801 712 pretium
825 644 869 695 est
891 637 976 697 mori.
999 673 1040 684 —

248 718 271 778 Ο
297 717 429 796 quisquis
451 717 527 778 volet
549 718 652 796 impias
1119 734 1147 784 n

294 801 403 863 Caedes
426 811 455 862 et
476 801 588 863 rabiem
611 802 715 862 tollere
738 803 868 877 civicam,

247 886 277 948 Si
301 896 423 964 quaeret
442 878 551 966 ‘pater'
577 887 695 947 urbium

294 970 447 1032 Subscribi
470 971 582 1044 statuis,
605 972 775 1032 indomitam
797 974 902 1034 audeat

247 1056 410 1116 Refrenare
434 1057 590 1129 licentiam,

188 1159 190 1164 ’
295 1139 396 1210 Clarus
418 1142 601 1220 postgenitis,
626 1152 771 1219 quatenus
793 1175 806 1186 -
829 1145 886 1203 ben
910 1143 1007 1204 nclasl
1031 1177 1045 1189 ·

248 1225 394 1286 Virtutem
416 1227 595 1286 incolumem
619 1225 742 1299 odimuS,
821 1265 824 1269 -

294 1309 443 1371 Sublatam
466 1329 500 1370 ex
524 1309 616 1370 oculis
640 1312 806 1387 quaerimus
828 1312 927 1372 invidi.
948 1346 989 1358 -

250 1393 327 1465 Quid
352 1395 449 1456 tristes
472 1394 683 1471 querimoniae,

296 1479 326 1538 Si
350 1497 411 1539 non
434 1478 579 1557 supplicio
603 1478 688 1556 culpa
711 1479 859 1554 reciditur,

251 1562 326 1634 Quid
350 1562 430 1639 leges
453 1563 516 1623 sine
538 1561 670 1622 moribus

296 1647 393 1706 Vanae
415 1647 584 1726 proliciunt,
607 1647 632 1707 si
656 1665 752 1724 neque
775 1649 892 1709 fervidis

249 1731 322 1792 Pars
344 1731 457 1793 inclusa
480 1731 627 1792 caloribus

297 1815 399 1877 Mundi
422 1836 478 1878 nec
500 1817 612 1877 Boreae
634 1816 791 1877 finitimum
813 1818 887 1880 latus

250 1900 436 1979 Durataeque
459 1903 521 1962 solo
545 1901 626 1962 nives

295 1985 489 2047 Mercatorem
511 1985 643 2065 abigunt,
667 1985 784 2046 horrida
806 1988 902 2049 callidi

251 2070 384 2131 Vincunt
406 2090 533 2150 aequora
557 2068 690 2131 navitae?
713 2104 753 2113 —

297 2154 436 2235 Magnum
458 2156 615 2235 pauperies
638 2155 829 2235 opprobrium
853 2157 936 2218 iubet

252 2239 371 2310 Quidvis
394 2249 423 2301 et
445 2243 542 2302 lacere
565 2249 594 2300 et
615 2242 676 2320 pati

298 2324 477 2405 Virtutisque
500 2326 574 2385 viam
597 2326 704 2386 deserit
725 2325 842 2386 arduae.

252 2408 303 2470 Vel
327 2428 382 2470 nos
405 2411 436 2470 in
459 2410 644 2489 Capitolium,

299 2494 364 2564 Quo
388 2495 497 2556 clamor
519 2503 602 2555 vocat
624 2504 653 2554 et
675 2493 762 2554 turba
784 2496 952 2569 faventium,

254 2578 306 2638 Vel
320 2598 383 2640 ,nos
407 2580 437 2639 in
460 2598 540 2640 mare
562 2580 729 2657 proximum

301 2663 436 2725 Gemmas
459 2673 487 2724 et
509 2663 620 2743 lapides
642 2682 746 2724 aurum
769 2673 798 2723 et
819 2663 932 2736 inutile,

254 2747 368 2807 Summi
390 2749 540 2809 materiem
564 2750 640 2822 mali,

300 2831 457 2905 Mittamus‚
480 2833 624 2895 scelerum
647 2834 671 2894 si
693 2832 770 2892 bene
792 2832 931 2910 paenitet.

252 2917 406 2977 Eradenda
429 2918 576 2996 cupidinis

300 3001 383 3061 Pravl
406 3012 476 3062 sunt
498 3001 641 3062 elementa
665 3009 694 3061 et
716 3009 835 3061 tenerae
859 3000 945 3061 nimis

253 3085 368 3147 Montes
390 3086 587 3166 asperioribus

300 3171 483 3232 Formandae
506 3170 618 3232 studiis.
663 3171 762 3231 Nescit
785 3189 861 3248 equo
884 3170 964 3231 rudis
992 3172 1011 3193 ¹

254 3255 382 3316 Haerere
405 3257 552 3336 ingennus
574 3274 649 3335 puer

301 3341 467 3420 Venarique
490 3343 583 3414 timet,
606 3341 707 3402 ludere
730 3340 853 3412 doctior,

256 3426 314 3485 Seu
337 3425 448 3487 Graeco
471 3426 571 3487 iubeas
593 3426 696 3487 trocho

302 3511 360 3571 Seu
382 3511 465 3571 malis
486 3512 572 3572 vetita
593 3512 707 3590 legibus
730 3510 801 3582 alea,

212 3741 291 3793 XXlV
309 3759 333 3797 o.
353 3746 384 3795 27
403 3744 503 3810 quaerit
521 3746 555 3806 (o)
570 3742 575 3809 Ι
590 3746 620 3793 in
638 3759 661 3794 o.
681 3745 712 3793 27
731 3747 756 3792 et
768 3743 870 3795 33-44
883 3741 1079 3804 distinguendis
1092 3745 1197 3790 scontros

126 3825 187 3861 snm
203 3810 255 3862 ΑΚ
264 3811 268 3876 Ι
285 3812 316 3863 39
334 3811 395 3877 polo
408 3812 435 3864 S.
455 3811 650 3879 angaorden
675 3815 726 3861 oct.
743 3826 796 3861 soc.
814 3809 895 3860 Ilien.
917 3808 1030 3859 Proieci.
1049 3808 1058 3858 l
1078 3811 1124 3861 197
1132 3825 1169 3874 sq.
1188 3808 1193 3872 Ι

127 3880 163 3931 44
180 3877 296 3930 deserere
314 3880 398 3930 Bentl.
415 3881 419 3945 Ι
452 3883 485 3931 54
502 3880 559 3931 rudi
577 3879 599 3930 J.
612 3879 636 3930 J.
651 3879 816 3930 Cornelissen
833 3877 959 3928 Mnemon
978 3893 1003 3928 n.
1022 3893 1042 3927 s.
1064 3879 1103 3941 16,
1122 3879 1169 3930 311
