2656 4448
127 212 168 269 94
490 212 662 264 cathmum
680 213 713 263 lV
733 218 771 268 ll.
794 216 831 268 12.

199 399 213 446 5
257 385 356 458 Multa,
381 403 437 463 qua
461 384 552 444 crinis
575 385 694 464 religata
716 385 829 464 fulges3

256 471 343 532 Ridet
365 479 487 548 argento
510 470 624 540 domus,
647 489 696 530 ara
720 472 806 532 castis

259 556 361 616 Vincta
383 554 520 614 verbenis
542 563 605 614 avet
628 555 768 615 inmolato

334 639 472 719 spargier
494 656 580 716 agno,

256 759 368 819 Cuncta
390 757 508 817 festinat
530 773 643 829 manus,
665 757 723 817 huc
746 766 776 817 et
797 758 866 819 illuc

185 855 213 904 10
257 843 406 904 Cursitant
428 841 534 901 mixtae
558 843 657 920 pueris
680 843 804 919 puellae,

257 928 414 988 Sordidum
437 926 570 986 llammae
593 927 742 1004 trepidant
764 935 896 988 rotantes

332 1012 447 1072 Vertioe
470 1013 593 1071 fumum.

257 1132 295 1192 Ut
318 1141 413 1191 tamen
439 1131 520 1190 noris
544 1128 651 1207 quibus
673 1130 823 1191 advoceris

255 1216 383 1287 Gaudiis,
407 1214 475 1274 ldus
497 1214 550 1274 tibi
573 1223 643 1274 sunt
665 1214 803 1293 agendae,

256 1301 314 1372 Qui
336 1300 397 1360 dies
419 1318 552 1360 mensem
577 1299 698 1359 Veneris
721 1301 851 1360 marinae

330 1385 430 1445 Findit
452 1385 591 1462 Aprilem,

256 1506 323 1564 lure
346 1503 496 1564 sollemnis
518 1502 589 1562 mihi
612 1503 802 1580 sanctiorque

256 1590 353 1649 Paene
377 1589 464 1648 natali
488 1588 620 1666 proprio,
643 1586 722 1665 quod
745 1607 780 1648 ex
804 1589 858 1647 hac

255 1674 334 1734 Luce
358 1674 510 1734 Maecenas
533 1691 615 1733 meus
637 1673 792 1733 adfluentis

332 1760 457 1820 Ordinat
479 1777 585 1818 annos.
608 1792 649 1800 -

256 1877 428 1956 Telephum,
452 1893 541 1953 quem
564 1886 595 1936 tu
617 1876 702 1954 petis,
726 1875 879 1955 occupavit

256 1963 320 2021 Non
344 1970 412 2021 tuae
435 1961 522 2020 sortis
544 1960 680 2021 iuvenem
702 1961 800 2038 puella

256 2047 340 2107 Dives
363 2054 391 2103 et
414 2044 518 2104 lasciva
541 2052 680 2122 tenetque
703 2056 784 2124 grata

334 2128 481 2207 Compede
502 2129 643 2189 vinctum.

255 2250 360 2310 Terret
382 2245 534 2309 ambustus
557 2247 706 2307 Phaethon
730 2265 829 2307 avaras

255 2336 328 2413 Spes
351 2342 379 2392 et
402 2332 567 2410 exemplum
591 2351 678 2410 grave
700 2333 822 2412 praehet
844 2329 903 2389 ales

254 2419 382 2498 Pegasus
405 2429 557 2478 terrenum
580 2418 708 2496 equitem
731 2426 865 2496 gravatus

330 2503 592 2581 Bellerophonten,

254 2622 378 2700 Semper
401 2630 433 2682 ut
454 2629 483 2680 te
506 2621 592 2698 digna
616 2637 739 2698 sequare
762 2627 791 2678 et
813 2617 889 2677 ultra

256 2707 350 2778 Quam
372 2707 440 2767 licet
461 2723 582 2784 sperare
605 2706 687 2765 nelas
709 2704 840 2782 putando

254 2793 406 2870 Disparem
427 2791 509 2852 vites.
553 2791 614 2868 Age
636 2789 702 2862 iam,
727 2806 861 2849 meorum

331 2877 413 2937 Finis
435 2893 569 2935 amorum

255 3028 268 3039 ·
292 2995 357 3054 Non
382 2994 458 3054 enim
483 2993 604 3072 posthac
626 2992 680 3052 alia
704 2992 805 3052 calebo

256 3078 375 3137 Femina
399 3111 422 3149 ·‚
445 3078 583 3138 condisce
605 3078 717 3147 modos,
741 3074 864 3136 amanda

117 3237 118 3240 Ἴ
183 3172 212 3221 35
257 3161 333 3222 Voce
357 3181 431 3239 quos
454 3163 573 3222 reddas:
598 3163 770 3221 minuentur
792 3171 872 3220 atrae

333 3246 469 3306 Carmine
492 3264 589 3306 curae.

588 3395 740 3404 *-

600 3464 603 3469 ’
640 3497 692 3556 xu

256 3600 316 3659 lam
337 3600 413 3659 veris
436 3599 566 3671 comites,
591 3618 664 3678 quae
688 3616 767 3658 mare
790 3603 966 3674 temperant,

256 3683 413 3763 impellunt
435 3685 548 3743 animae
571 3684 658 3745 lintea
682 3683 832 3754 Thraciae,

211 3885 244 3937 XI
263 3901 285 3937 v.
305 3886 337 3936 24
356 3883 449 3934 victum
465 3884 469 3944 Ι
486 3885 517 3934 35
536 3883 681 3933 minuuntur
699 3885 733 3946 (o)
