2656 4448
151 203 211 303 Illi
531 244 661 298 EPODCN
683 249 722 300 13.
743 250 783 299 14.
809 250 848 299 15.

233 416 337 479 Cetera
360 417 443 476 mitte
466 416 563 495 loqui:
586 417 659 477 deus
681 417 753 478 baec
776 420 901 480 fortasse
924 418 1054 498 benigna

299 502 432 563 Reducet
453 502 482 562 in
507 501 607 563 sedem
629 502 701 562 vioe.
744 503 830 564 Nunc
853 512 882 564 et
904 504 1104 567 Achaemenio

233 587 375 648 Perfundi
399 588 492 647 nardo
514 588 593 648 iuvat
615 596 644 647 et
666 586 723 647 fide
746 588 880 668 Cyllenea

302 673 411 732 Lerare
433 672 504 733 diris
525 679 646 750 pectora
669 672 924 746 sollicitudinibus,

234 755 347 818 Nobilis
370 765 403 816 ut
425 757 533 817 cecinit
555 757 660 834 grandi
683 756 848 818 Centaurus
870 759 1006 820 alumno:

296 837 431 917 ‘lnvicte,
454 841 587 902 mortalis
609 843 663 902 dea
686 852 755 903 nate
778 862 853 922 puer
875 844 1006 917 Thetide,

233 926 275 986 Te
297 938 398 987 manet
421 927 553 987 Assaraci
576 927 672 998 tellus,
696 945 784 1005 quam
807 929 910 1006 frigida
933 930 1014 1008 pravi

300 1012 433 1072 Findunt
456 1012 626 1073 Scamandri
649 1012 769 1072 flumina
793 1012 926 1074 lubricus
949 1026 978 1075 et
1000 1014 1119 1090 Simois,

235 1097 320 1157 Unde
342 1097 393 1157 tibi
416 1097 542 1158 reditum
566 1106 646 1157 certo
670 1096 837 1158 subtemine
860 1099 969 1159 Parcae

301 1183 420 1261 Rupere
444 1201 499 1242 nec
520 1191 614 1242 mater
637 1182 756 1242 domum
780 1185 896 1244 caerula
919 1192 949 1244 te
972 1184 1100 1245 revehet.

234 1266 296 1327 lllic
319 1286 407 1327 omne
429 1268 538 1328 malum
560 1267 629 1327 vino
652 1277 801 1346 cantuque
824 1269 928 1342 levato,

301 1352 447 1414 Deformis
469 1352 667 1431 aegrimoniae
690 1352 824 1414 dulcibus
847 1347 1008 1432 adloquiis.³

656 1606 721 1665 XlV

235 1725 330 1785 Mollis
352 1724 458 1784 inertia
481 1742 534 1783 cur
555 1733 667 1784 tantam
691 1724 840 1785 diffuderit
862 1725 928 1785 imis

304 1809 492 1871 Oblivionem
515 1808 660 1882 sensibus,

235 1894 344 1954 Pocula
366 1895 510 1954 Lethaeos
532 1902 565 1952 ut
586 1894 610 1953 si
633 1894 768 1953 ducentia
792 1913 913 1955 somnos

302 1979 413 2038 brente
435 1979 519 2038 lauce
541 1979 688 2051 traxerim,

237 2062 365 2123 Candide
388 2063 550 2133 Maecenas,
574 2063 682 2123 occidis
705 2081 791 2141 saepe
814 2064 963 2141 rogando:

303 2147 390 2219 lleus,
413 2148 485 2207 deus
509 2165 575 2206 nam
598 2166 645 2207 me
666 2156 752 2218 vetat,

236 2230 376 2311 lnoeptos
399 2232 477 2303 olim,
500 2232 677 2310 promissum
702 2250 831 2306 carmen,
855 2233 968 2293 iambos

304 2318 348 2377 Ad
372 2317 543 2377 umbilicum
566 2318 721 2378 adducere.
744 2353 785 2362 -

236 2401 301 2462 Non
326 2403 409 2462 aliter
432 2403 529 2463 Samio
552 2403 655 2463 dicunt
677 2403 782 2464 arsisse
805 2402 937 2482 bathyllo

299 2490 484 2548 Anacreonta
508 2488 620 2559 Teium,

238 2571 294 2642 Oui
316 2591 460 2652 persaepe
483 2591 550 2633 cava
572 2573 720 2633 testudine
743 2573 821 2633 llevit
843 2590 974 2632 amorem

304 2658 370 2718 Non
394 2658 575 2719 elaboratum
598 2658 633 2717 ad
656 2659 771 2737 pedem.

237 2741 338 2803 Ureris
360 2745 424 2822 ipse
446 2745 550 2817 miser3
574 2744 678 2821 quodsi
702 2763 763 2803 non
787 2742 939 2820 pulchrior
962 2741 1049 2820 ignis,

305 2829 448 2888 Accendit
470 2828 616 2888 obsessam
643 2827 725 2899 llion,

167 2922 194 2971 15
238 2911 338 2973 Gaude
360 2924 440 2974 sorte
462 2921 526 2973 tua:
550 2931 598 2971 me
620 2912 767 2986 libertina,
790 2930 846 2971 nec
869 2930 930 2971 uno

306 2998 461 3071 Contenta,
485 2999 601 3077 Phryne
626 3007 762 3057 macerat.

615 3149 765 3157 ...-

660 3251 709 3309 XV

239 3366 302 3427 Non
325 3377 386 3427 erat
408 3376 439 3427 et
461 3367 541 3427 caelo
565 3367 695 3446 fulgebat
717 3367 800 3427 Luna
824 3385 931 3428 sereno

306 3452 388 3513 lnter
410 3453 525 3513 minora
547 3453 652 3523 sidera,

240 3652 292 3702 lllll
310 3671 334 3704 o.
356 3656 386 3706 11
407 3654 495 3718 grandi
514 3650 606 3704 cecinit
632 3652 635 3721 Ι
662 3655 692 3704 13
711 3653 792 3719 pravi]
815 3669 839 3702 o.
864 3653 881 3703 l.
907 3654 937 3701 in
954 3650 1053 3701 sonatio
1073 3648 1231 3714 Cruqoa'ono

155 3722 240 3773 allato
258 3719 294 3780 cf.
313 3737 406 3773 comm.
434 3719 580 3784 Woelfflin.
597 3738 625 3785 p.
649 3726 708 3774 110:
728 3723 799 3787 parui
817 3721 882 3770 libri
899 3720 954 3771 ravi
978 3720 999 3771 I
1019 3717 1149 3769 Oberdick
1166 3733 1232 3769 oon.

150 3790 218 3854 pbil.
249 3791 304 3853 125,
333 3793 428 3854 bllsq.
455 3788 499 3857 (A.
527 3791 558 3840 E.
587 3791 724 3840 Housman
753 3806 848 3855 pour-n.
880 3788 915 3849 of
931 3788 996 3853 pbil
1014 3785 1089 3850 xvir,
1107 3788 1202 3852 amoq.
1222 3783 1229 3854 l

157 3860 187 3910 15
206 3858 395 3980 culllVBriflt'l
389 3927 513 3992 inceptos,
532 3925 592 3976 olim
611 3925 764 3991 promissum
782 3924 817 3975 al.
