2656 4448
127 226 188 286 176

139 497 169 546 90

159 3541 173 3588 5

504 228 693 280 strtututttt
711 228 731 280 ll
750 231 774 282 6.
793 232 816 280 7.

211 401 296 462 Esset
318 400 390 461 ador
413 400 584 478 loliumque,
608 400 690 478 dapis
712 401 833 460 meliora
857 401 1039 478 relinquens.

212 485 343 546 Tandem
358 486 491 547 urbanus
506 486 542 546 ad
558 487 638 545 bunc
650 479 741 555 ‘Quid
756 495 784 546 te
800 480 886 546 iuvat‘
904 486 1009 564 inquit,
1023 479 1141 563 ‘amieo

211 571 365 652 Praerupti
389 572 519 632 nemoris
542 572 703 650 patientem
725 570 821 631 vivere
844 568 954 632 dorsol

213 656 261 717 Vis
283 667 315 717 tu
338 657 474 718 homines
497 656 661 733 urbemque
684 655 754 717 feris
775 674 960 735 praeponere
982 655 1083 718 silvis?

212 741 304 820 Carpe
327 743 410 813 viam,
434 742 624 811 mihicrede,
648 759 757 815 comes,
781 742 931 802 terrestria
955 743 1073 820 quando

212 826 341 888 Mortalis
363 827 475 888 animas
499 827 598 887 vivunt
621 827 732 898 sortita,
756 845 853 904 neque
876 826 934 886 ulla
957 837 1003 888 cst

212 912 270 972 Aut
293 931 400 991 magno
423 920 473 972 aut
495 930 584 990 parvo
608 911 657 970 leti
680 913 765 990 suga;
790 930 857 989 quo,
880 912 968 984 bone,
992 913 1078 987 circa,

213 997 288 1056 Dum
310 998 387 1072 licet,
411 998 441 1057 in
465 997 555 1057 rebus
577 997 713 1058 iucundis
734 997 797 1057 vive
819 996 932 1070 beatus,

213 1081 280 1141 Vive
304 1101 428 1155 memor,
452 1101 540 1160 quam
562 1082 601 1142 sis
624 1083 684 1141 aevi
708 1076 823 1142 brevis?
871 1082 948 1142 Haec
971 1081 1023 1142 ubi
1046 1082 1124 1144 dicta

212 1167 366 1244 Agrestem
390 1168 540 1247 pepulere,
563 1166 650 1226 domo
674 1168 745 1228 levis
767 1166 876 1240 exsilit;
901 1167 968 1227 inde

213 1252 308 1313 Ambo
331 1252 517 1332 propositum
539 1262 686 1330 peragunt
708 1253 772 1325 iter,
796 1251 877 1312 urbis
899 1261 1019 1313 aventes

214 1337 329 1398 Moenia
353 1339 492 1398 nocturni
514 1336 686 1415 subrepere.
731 1337 851 1415 lamque
873 1336 994 1397 tenebat

212 1422 277 1482 Nox
299 1423 429 1483 medium
450 1422 522 1483 caeli
544 1423 681 1501 spatium,
705 1440 773 1482 eum
795 1422 880 1500 pouit
902 1431 1027 1500 uterque

213 1507 248 1566 ln
272 1508 420 1588 locuplete
443 1509 530 1568 domo
554 1508 682 1584 vestigia,
707 1507 797 1568 rubro
821 1507 873 1567 ubi
895 1524 986 1567 cocco

214 1592 318 1654 Tincta
340 1613 431 1673 super
453 1594 545 1654 lectos
568 1592 708 1653 canderet
730 1592 817 1652 vestis
841 1590 971 1652 eburnos

214 1677 363 1757 Multaque
387 1679 423 1738 de
446 1697 551 1758 magna
574 1687 765 1756 superessent
787 1677 897 1737 fercula
920 1695 1003 1749 cena,

214 1763 295 1832 Quae
318 1765 422 1844 procul
445 1763 600 1824 exstructis
622 1763 741 1823 inerant
763 1763 900 1823 besterna
922 1762 1068 1824 canistris.

213 1847 291 1926 Ergo
313 1850 365 1909 ubi
387 1868 537 1928 purpurea
560 1857 730 1927 porrectum
752 1848 782 1907 in
807 1856 884 1908 veste
908 1847 1015 1908 locavit

214 1937 375 2012 Agrestem‚
399 1935 487 1994 veluti
510 1934 679 1995 succinctus
702 1933 825 1993 cursitat
846 1933 954 2011 hospes

215 2018 435 2097 Continuatque
458 2019 555 2097 dapes,
580 2036 636 2078 nec
659 2037 719 2078 non
744 2017 892 2077 verniliter
914 2018 986 2095 ipsis

214 2103 361 2182 Fungitur
384 2104 497 2176 officiis,
522 2102 727 2182 praelambens
749 2121 837 2162 omne
860 2102 940 2181 quod
963 2102 1066 2163 adfert.

214 2189 265 2248 llle
288 2188 401 2249 cubans
423 2189 530 2267 gaudet
552 2196 663 2248 mutata
685 2196 765 2249 sorte
789 2187 934 2265 bonisque

215 2272 315 2335 Rebus
336 2273 396 2351 agit
417 2274 525 2333 laetum
550 2272 709 2346 convivam,
733 2292 800 2333 oum
823 2272 920 2332 subito
944 2272 1050 2351 ingens

215 2359 368 2418 Velvarum
391 2359 531 2437 strepitus
553 2358 637 2419 lectis
660 2359 788 2419 excussit
810 2368 979 2436 utrumque.

215 2443 341 2505 Currere
365 2463 419 2523 per
441 2453 535 2505 totum
560 2444 654 2523 pavidi
677 2445 815 2504 conclave
838 2444 988 2521 magisque

216 2529 372 2591 Exanimes
395 2530 551 2609 trepidare,
575 2530 662 2590 simul
684 2530 789 2590 domus
811 2529 868 2588 alta
890 2527 1024 2588 Molossis

219 2615 375 2676 Personuit
397 2614 530 2676 canibus.
576 2615 650 2675 Tum
673 2615 815 2675 rusticus:
835 2606 934 2674 ‘Haud
957 2611 1027 2671 mihi
1051 2611 1108 2672 vita

217 2699 269 2760 Est
292 2719 366 2779 opus
390 2691 449 2760 bac’
476 2701 515 2761 ait
538 2709 567 2760 et
586 2695 715 2760 ‘Valeasl
739 2718 786 2758 me
809 2699 879 2760 silva
902 2715 1050 2775 cavosque

215 2785 308 2846 Tutus
331 2785 367 2845 ab
391 2785 503 2846 insidiis
526 2786 607 2846 tenui
630 2784 774 2846 solabitur
796 2774 882 2844 ervo.J

642 3072 691 3132 Vll

213 3184 399 3251 ‘Iamdudum
421 3193 556 3253 ausculto
580 3202 609 3252 et
631 3192 756 3270 cupiens
778 3190 831 3250 tibi
854 3191 951 3251 dicere
975 3207 1077 3250 servus

218 3275 312 3335 Pauca
336 3273 516 3337 reformido!
562 3274 718 3337 Davusne?
760 3268 826 3349 ‘lte‚
850 3276 954 3347 Davus,
979 3274 1106 3335 amicum

218 3359 395 3440 Mancipium
419 3361 539 3421 domino
563 3372 593 3422 et
615 3362 692 3438 frugi
715 3360 794 3440 quod
816 3361 853 3422 sit
875 3361 953 3434 satis,
978 3360 1034 3420 boc
1058 3367 1110 3433 est,

217 3444 256 3504 Ut
278 3445 362 3506 vitale
385 3437 487 3525 putes?
535 3449 595 3525 Age
618 3447 752 3506 libertate
775 3445 940 3518 Decembri,

218 3529 343 3599 Quando
366 3532 406 3592 ita
429 3531 554 3591 maiores
577 3531 742 3605 voluerunt,
766 3532 864 3592 uterel
889 3530 990 3592 narral

214 3609 297 3677 ‘Pars
318 3617 473 3678 hominum
497 3615 571 3679 vitiis
593 3615 701 3696 gaudet
723 3627 894 3678 constanter
918 3626 945 3677 et
967 3624 1054 3694 urget

219 3851 250 3902 vl
268 3868 291 3905 o.
313 3855 360 3906 108
379 3853 434 3918 ipse
452 3851 598 3903 Lambinus

220 3919 261 3970 Vll
280 3936 302 3972 u.
321 3923 335 3972 3
356 3913 475 3974 domin0.’
511 3920 542 3972 Et
554 3921 639 3987 lrugi‘?
662 3917 743 3981 ‘Quod
755 3921 787 3974 H.
801 3919 868 3970 deod
881 3936 943 3972 artri.
954 3919 1020 3985 pbil.
1035 3920 1075 3982 83,
1089 3919 1138 3972 813
1148 3921 1195 3984 sqq
