2656 4448
183 225 244 282 154
560 224 749 277 surminuu
767 227 787 277 u
808 232 829 281 1.
849 231 871 280 2.

178 412 207 460 65
266 399 398 469 Cederet,
422 399 581 458 introrsum
606 398 709 475 turpis,
735 417 804 458 uum
830 399 942 460 Laelius
966 409 994 459 et
1018 400 1068 478 qui

268 484 355 545 [luxit
376 482 412 544 ab
437 502 578 561 oppresso
602 484 738 543 meritum
763 484 937 561 Carthagine
962 504 1068 544 nomen

266 569 390 648 lngenio
414 569 519 628 oll'eusi
542 576 592 627 aut
614 569 690 628 laeso
714 569 835 628 doluere
858 569 974 629 Metello

266 656 456 733 Famusisque
479 654 562 731 Lupo
585 662 725 731 cooperto
751 651 904 715 versibus?
926 654 1005 732 atqui

265 742 415 801 Primores
439 738 540 817 populi
563 738 688 816 arripuit
711 740 912 817 populumque
934 739 1076 811 tributim,

270 827 388 886 Scilicet
409 825 462 885 uni
485 841 598 900 aequus
621 822 719 882 virtuti
743 834 831 901 atque
854 825 918 884 eius
940 825 1049 885 amicis.

268 912 346 980 Quin
371 910 420 970 ubl
443 929 474 970 se
498 928 514 967 a
536 908 622 986 volgo
645 919 674 967 et
697 927 803 968 scaena
827 910 856 968 in
882 918 993 969 secreta
1018 920 1171 971 remorant

268 997 364 1056 Virtus
387 993 538 1072 Scipiadae
562 1002 591 1052 et
614 993 692 1053 mitis
715 994 857 1071 sapientia
881 995 970 1067 Laeli,

266 1081 375 1158 Nugari
397 1098 464 1140 cum
488 1079 536 1138 illo
560 1087 588 1138 et
612 1078 746 1138 discincti
770 1079 879 1148 ludere,
904 1079 1000 1140 donec

268 1168 490 1243 liecoqueretur
506 1164 600 1234 holus,
617 1164 703 1223 soliti.
739 1164 887 1242 Quidquid
903 1183 967 1224 sum
984 1183 1048 1242 ego,
1065 1165 1199 1243 quamvis

267 1251 346 1311 lnlra
369 1250 463 1310 Lucili
486 1267 608 1310 censum
631 1249 853 1327 ingeniumque,
877 1258 974 1309 tamen
1000 1269 1047 1309 me

267 1335 338 1396 Cum
362 1335 476 1413 magnis
499 1334 601 1394 vixisse
625 1335 712 1393 inrito
738 1335 874 1394 latebitur
898 1353 990 1412 usque

266 1421 374 1481 lnridia
399 1431 427 1480 et
449 1420 542 1496 fragili
567 1438 712 1497 quaereus
735 1420 857 1479 inlidere
880 1419 1008 1490 dentem,

266 1506 404 1567 Ollendet
425 1506 527 1576 solido,
553 1505 608 1565 uisi
631 1505 701 1582 (prid
725 1513 765 1575 tu,
789 1505 874 1563 docte
898 1505 1025 1577 Trebati,

266 1582 422 1653 dissentis?
460 1584 616 1669 ‘Equidem
642 1590 714 1650 niliil
736 1590 806 1648 hinc
829 1590 984 1650 dillindere
1008 1607 1138 1668 possum.

265 1677 323 1737 Sed
345 1686 442 1737 tamen
469 1687 500 1737 ut
522 1676 650 1735 monitus
674 1693 785 1746 caveas,
811 1693 846 1734 ne
869 1677 946 1734 forte
969 1675 1069 1754 negoti

267 1761 393 1822 lucutiat
416 1763 467 1822 libi
492 1762 561 1838 quid
584 1770 752 1820 sanctorum
777 1760 890 1819 inscitia
915 1761 1026 1837 legum:

264 1848 295 1906 Si
318 1849 391 1907 mala
416 1847 580 1906 condiderit
604 1847 632 1904 in
657 1864 745 1922 quem
770 1846 834 1922 quis
857 1846 996 1917 carmina,
1020 1846 1065 1905 ius
1089 1854 1134 1905 est

266 1925 485 2010 Iudiciumque?
523 1925 617 2002 ‘Este
641 1931 732 2008 siquis
757 1930 845 2003 mala3
869 1929 919 1989 sed
944 1930 1021 1990 bonu
1043 1930 1135 2008 siquis

264 2016 362 2076 iudice
386 2018 551 2076 condiderit
574 2015 707 2074 laudatus
731 2013 874 2075 Caesare?
898 2016 988 2092 siquis

267 2101 442 2179 Opprobriis
465 2101 586 2179 dignuin
611 2099 766 2171 latraverit,
790 2102 905 2178 integer
928 2091 1025 2178 ipse‘l'

259 2179 431 2246 ‘Solventur
453 2188 513 2246 risu
537 2185 661 2255 tabulae,
684 2195 716 2244 tu
739 2185 843 2245 missus
866 2177 977 2245 abibis.³

703 2508 727 2567 ll

260 2631 342 2698 Quae
366 2628 456 2687 virtus
480 2636 508 2686 et
531 2635 650 2703 quanta,
676 2627 756 2699 boni,
779 2627 816 2686 sit
839 2626 934 2685 virere
958 2644 1046 2703 parvo

259 2747 270 2756 -
297 2715 356 2773 Nec
381 2731 462 2772 meus
486 2712 533 2770 hic
556 2730 652 2771 sermo
677 2721 728 2785 est,
752 2711 804 2770 scd
827 2730 901 2788 quae
925 2710 1075 2789 praecepit
1098 2710 1213 2774 Olellus

260 2799 405 2870 lluslicus,
427 2797 578 2856 abnormis
601 2796 718 2874 sopiens
741 2815 896 2873 crassaque
919 2795 1047 2856 lliuerva
1070 2830 1093 2867 ·‚

258 2883 366 2943 Discite
390 2902 451 2942 non
475 2882 553 2941 iuter
577 2882 675 2940 lances
698 2900 873 2958 mensasque
899 2881 1029 2952 nitentis

185 2979 196 2990 ”
258 2969 330 3028 Cum
352 2977 452 3046 stupet
474 2967 586 3026 insanis
608 2966 685 3025 acies
708 2966 872 3045 fulgeribus
895 2975 923 3025 et
946 2985 1011 3025 cuin

257 3053 387 3113 ildclinis
410 3052 489 3112 salsis
512 3053 628 3111 animus
651 3052 771 3111 meliora
794 3060 918 3121 recusat,

261 3138 367 3197 Verum
391 3138 438 3197 liic
461 3137 602 3213 impransi
627 3155 742 3196 mecum
765 3136 926 3212 disquirite.
957 3127 1031 3195 ‘Cur
1054 3126 1147 3196 lioc?'

260 3221 369 3293 dicam,
392 3222 415 3281 si
439 3230 551 3298 potero.
597 3221 670 3281 Male
694 3240 793 3281 verum
817 3222 963 3280 examinat
986 3220 1081 3281 omnis

259 3308 423 3384 Corruptus
445 3306 541 3364 iudex.
587 3305 732 3384 Leporem
755 3315 882 3366 sectatus
905 3325 1016 3383 equore

174 3401 201 3450 10
262 3391 367 3451 lassus
390 3390 426 3449 ab
450 3390 592 3450 indomito
617 3425 629 3434 -
654 3392 706 3463 rel,
730 3391 753 3450 sl
779 3391 907 3450 llomaua
932 3391 1031 3469 latigat

257 3577 263 3624 l
284 3592 306 3625 u.
327 3580 359 3628 65
378 3580 421 3626 aut
437 3575 441 3641 Ι
457 3579 489 3628 Ἰ9
509 3575 549 3625 hic
568 3576 601 3637 (u)
623 3575 627 3636 Ι
649 3573 782 3638 dll'fiugere
801 3580 826 3624 et
844 3574 959 3626 diffidere
975 3575 978 3640 Ι
995 3577 1027 3626 84
1045 3572 1164 3624 laudatur
1183 3575 1243 3641 tull

172 3647 204 3697 85
225 3643 376 3695 lacerauerit
394 3647 427 3707 (u)
455 3650 458 3704 t
486 3645 518 3695 86
537 3644 598 3706 risu]
619 3643 656 3692 uis
677 3642 705 3691 Vl
727 3644 811 3707 lepide
829 3661 893 3694 runc
911 3649 936 3693 et
954 3647 1091 3708 ingeniose
1111 3642 1245 3706 Bergkr'ns

166 3712 262 3803 philol.
281 3715 321 3775 32,
340 3714 398 3775 566,
426 3713 472 3762 sed
493 3715 571 3761 nirru's
595 3711 759 3773 confidenter
784 3711 819 3772 cf.
843 3712 913 3762 unul.
937 3713 973 3760 orl
996 3727 1076 3761 carm.
1102 3710 1164 3762 Hor.
1184 3712 1245 3762 unt.

168 3781 187 3831 H
207 3783 279 3899 22’li
294 3866 315 3899 u.
340 3853 348 3900 l
369 3849 443 3901 bonis
461 3850 495 3911 (u)
520 3848 523 3910 Ι
549 3849 658 3912 2quem
676 3850 711 3910 (a)
736 3847 740 3912 l
765 3831 912 3898 delinermi
937 3848 940 3907 l
969 3849 1066 3900 io-ra
1086 3845 1245 3911 rel-disco]

168 3916 236 3968 duce
256 3917 410 3978 Heindorfio
429 3922 558 3981 toroquom
575 3917 746 3980 parenthesin
763 3915 930 3980 significauit
943 3915 1106 3980 li'ruegerus:
1127 3931 1147 3963 n
1165 3916 1244 3981 lisq.
