2656 4448
170 228 230 287 160

568 227 757 312 sartandum
776 228 797 280 ll
814 230 838 281 3.

255 402 306 462 llle
328 403 541 476 sinistrorsum,
563 403 612 462 hic
634 402 820 461 dextrorsum
843 400 912 474 abit,
935 393 1155 482 unus'utrique

255 487 354 562 Error,
377 488 427 550 sed
450 488 537 548 variis
560 486 667 547 inludit
689 485 831 566 partibus,
855 486 912 545 hoc
933 496 963 546 te

255 571 347 634 Crede
369 573 459 634 modo
483 573 630 644 insanum,
655 571 746 632 nihilo
770 581 802 632 ut
824 570 986 650 sapientior
1008 570 1066 643 ille,

253 656 311 728 Qui
334 668 362 718 te
385 658 507 730 deridet,
530 658 650 718 caudam
673 657 778 717 trahat.
804 689 843 700 -
867 655 919 717 Est
939 673 1034 733 genus
1056 675 1150 718 unum

254 742 400 804 Stultitiae
424 743 546 804 nihilum
569 742 726 802 metuenda
748 741 888 814 timentis,
911 752 943 802 ut
965 742 1051 820 ignis,

252 828 291 888 Ut
312 846 403 908 rupes
424 829 588 906 fluviosque
611 828 640 887 in
665 844 768 906 campo
791 825 909 886 obstare
931 836 1084 904 queratur3

253 913 384 974 Alterum
409 923 438 973 et
459 913 529 973 huie
553 930 651 972 varum
675 922 704 971 et
728 911 819 972 nihilo
841 911 1003 989 sapientius
1026 911 1102 991 ignis

255 998 310 1057 Per
332 999 445 1060 medios
467 998 630 1075 fluviosque
653 997 780 1058 ruentis:
804 996 910 1056 clamet
931 996 1024 1057 amica

253 1083 357 1155 Mater,
381 1085 504 1144 honesta
525 1100 611 1143 soror
635 1100 702 1141 cum
725 1082 868 1158 cognatis,
891 1090 984 1160 pater,
1007 1099 1084 1142 uxor

250 1160 320 1229 tllic
341 1170 418 1229 fossa
442 1177 486 1228 est
508 1168 623 1244 ingens,
647 1166 694 1226 bic
717 1185 805 1246 rupes
828 1166 967 1226 maxima:
990 1156 1102 1227 serval'

253 1253 318 1313 Non
342 1254 434 1331 magis
456 1252 590 1324 audierit,
615 1270 702 1330 quam
725 1252 827 1311 Fufius
850 1250 949 1312 ebrius
972 1251 1052 1323 olim,

255 1337 326 1398 Cum
350 1339 472 1399 llionam
496 1338 631 1408 edormit,
655 1336 784 1397 Catienis
805 1335 884 1396 mille
906 1337 1041 1397 ducentis

251 1416 366 1498 ‘Macen
391 1433 418 1483 te
440 1413 562 1501 adpello’
589 1420 792 1482 clamantibus.
838 1420 912 1481 Huic
935 1440 989 1500 ego
1012 1421 1115 1500 volgus

254 1508 356 1570 Errori
378 1509 501 1570 similem
526 1518 667 1568 cunctum
689 1507 820 1567 insanire
843 1507 966 1567 docebo.
991 1541 1032 1549 -

253 1594 365 1656 Insanit
386 1604 499 1654 veteres
521 1602 631 1654 statuas
654 1592 847 1670 Damasippus
869 1591 1010 1652 emendo:

253 1680 370 1759 lnteger
393 1688 437 1740 est
458 1679 567 1738 mentis
590 1678 755 1756 Damasippi
778 1674 927 1737 creditor?
973 1676 1052 1736 Esto.

250 1757 372 1844 ‘Accipe
397 1763 476 1842 quod
499 1782 659 1841 numquam
683 1762 787 1823 reddas
811 1756 890 1822 mihi'
915 1761 939 1822 si
961 1761 1014 1821 tibi
1038 1760 1140 1835 dicam,

253 1850 338 1910 Tune
361 1851 482 1910 insanus
504 1849 562 1908 eris
584 1849 609 1908 si
632 1848 789 1926 acceperis,
813 1866 849 1906 an
873 1846 964 1924 magis
988 1864 1090 1907 excors

254 1935 372 1995 Reiecta
396 1933 512 2013 praeda,
536 1952 623 2010 quam
646 1951 787 2010 praesens
810 1932 974 1992 Mercurius
997 1927 1077 1991 lert?

253 2020 354 2079 Scribe
378 2018 478 2079 decem
502 2037 517 2077 a
540 2018 645 2077 Nerio:
671 2037 731 2076 non
755 2025 799 2078 est
820 2017 904 2092 satis3
927 2015 1000 2076 adde
1024 2016 1142 2077 Cicutae

252 2104 360 2164 Nodosi
385 2102 506 2173 tabulas,
529 2111 660 2175 centum,
683 2101 762 2161 mille
784 2101 857 2161 adde
879 2109 1011 2162 catenas:

253 2188 381 2266 Ellugiet
403 2198 500 2247 tamen
524 2187 596 2246 baec
618 2186 779 2247 sceleratus
800 2186 916 2247 vincula
939 2187 1072 2247 Proteus.

252 2274 324 2334 Cum
347 2273 445 2352 rapies
467 2272 497 2330 in
522 2272 567 2332 ius
590 2272 673 2332 malis
696 2271 840 2331 ridentem
865 2272 978 2343 alienis,

251 2359 316 2419 Fiet
337 2377 418 2437 aper,
442 2357 530 2416 modo
553 2358 621 2429 avis,
644 2356 732 2417 modo
755 2376 858 2417 saxum
881 2367 918 2427 et,
941 2375 1008 2416 cum
1034 2355 1119 2427 volet,
1143 2357 1240 2418 arbor.

252 2444 283 2503 Si
306 2446 381 2504 male
404 2462 467 2503 rem
490 2460 593 2520 gerere
616 2443 712 2503 insani
735 2451 788 2513 est,
811 2452 914 2502 contra
937 2444 1014 2501 bene
1036 2443 1110 2514 sani,

253 2530 385 2590 Putidius
407 2529 501 2588 multo
525 2528 679 2587 cerebrum
703 2537 757 2601 est,
781 2527 971 2599 mihicrede,
996 2526 1101 2587 Perelli

250 2615 402 2689 biotantis,
426 2613 505 2691 quod
527 2621 558 2674 tu
583 2631 744 2691 numquam
767 2610 931 2673 rescribere
955 2610 1058 2691 possis.
1082 2646 1123 2656 -

251 2700 359 2760 Audire
383 2707 470 2777 atque
494 2707 591 2776 togam
614 2698 700 2759 iubeo
725 2716 914 2775 componere,
939 2697 1071 2775 quisquis

251 2785 418 2845 Ambitione
441 2783 515 2842 mala
538 2792 588 2842 aut
609 2783 723 2861 argenti
747 2783 837 2860 pallet
860 2801 970 2855 amore,

251 2869 390 2948 Quisquis
413 2868 528 2929 luxuria
552 2869 663 2928 tristive
686 2867 897 2945 superstitione

249 2955 308 3015 Aut
328 2955 384 3014 alio
409 2954 517 3014 mentis
540 2952 643 3012 morbo
667 2953 756 3013 calet:
779 2952 839 3012 buc
860 2952 984 3032 propius
1007 2969 1063 3023 me,

250 3041 325 3100 llum
348 3040 441 3099 doceo
464 3039 596 3100 insanire
618 3037 724 3110 omnis,
747 3056 799 3097 vos
822 3038 925 3098 ordine
947 3036 1033 3096 adite.
1058 3072 1100 3081 -

250 3124 351 3185 Danda
374 3132 417 3185 est
440 3124 562 3183 ellebori
584 3123 676 3183 multo
699 3141 767 3201 pars
790 3123 914 3182 maxima
936 3122 1040 3182 avaris:

249 3208 354 3269 Nescio
377 3228 414 3268 an
438 3209 606 3288 Anticyram
630 3208 704 3268 ratio
727 3207 783 3268 illis
805 3207 933 3268 destinet
955 3225 1084 3266 omnem.

250 3293 381 3353 Heredes
404 3292 518 3353 Staberi
541 3311 685 3354 summam
708 3291 839 3352 incidere
862 3293 1009 3371 sepulcro,

179 3385 190 3397 '
250 3379 285 3438 Ni
308 3379 350 3438 sic
372 3378 520 3452 fecissent,
545 3377 735 3457 gladiatorum
759 3377 829 3438 dare
851 3387 971 3438 centum

250 3464 387 3523 Damnati
409 3464 520 3543 populo
543 3463 624 3542 paria
646 3474 734 3541 atque
758 3463 875 3542 epulum
899 3462 1020 3522 arbitrio
1044 3461 1121 3535 Arri,

249 3646 278 3697 lll
296 3663 318 3699 υ.
339 3651 371 3698 50
391 3647 505 3713 utrisque
533 3648 537 3711 Ι
565 3649 597 3697 57
623 3648 717 3709 amica,
746 3652 826 3698 mater
850 3648 971 3711 honesta,
998 3645 1033 3696 al.
1059 3641 1105 3707 (ef.
1130 3645 1238 3710 Porpb)

164 3714 246 3765 anicla
266 3722 353 3778 mater,
373 3715 515 3765 Horlrele'us
533 3717 603 3766 anal,
623 3717 687 3768 Hor.
702 3731 729 3780 p.
748 3719 781 3767 40
793 3732 848 3781 sqq.
864 3715 868 3781 Ι
884 3716 916 3767 02
935 3714 1041 3779 uulgum
1057 3717 1061 3778 Ι
1077 3715 1109 3764 70
1128 3712 1239 3777 tabulas,

165 3787 275 3847 eentum,
293 3785 373 3847 mille]
392 3787 424 3834 ut
441 3788 467 3833 et
483 3787 541 3847 ipae
557 3785 696 3834 colueram
713 3783 775 3834 AK:
802 3785 902 3835 tabulas
920 3788 1031 3845 centnm,
1050 3781 1120 3832 mille
1138 3795 1182 3845 vg.
1201 3787 1240 3831 ta-

164 3849 238 3902 bulas
256 3858 366 3916 centurn,
386 3851 472 3916 mille,
491 3851 526 3906 al.
553 3852 557 3915 Ι
586 3854 617 3903 72
636 3850 720 3902 ridens
739 3851 840 3918 Spoyor
857 3853 1054 3902 obseruationes
1071 3854 1097 3899 et
1115 3849 1241 3900 amenda-

164 3919 249 3969 tionea
262 3935 291 3984 p.
310 3924 343 3971 40
355 3937 394 3986 aq.
410 3917 415 3988 Ι
431 3923 463 3971 ta
482 3919 572 3986 parelli
590 3936 604 3969 o
623 3919 707 3986 perilli
725 3921 760 3984 (υ)
