2656 4448
127 236 189 296 102
486 238 619 291 GARMEN
638 238 838 294 succedant.

253 410 312 472 lam
336 409 422 471 Fides
443 418 473 471 et
494 410 553 470 Pax
577 421 605 470 et
627 411 730 474 Honos
752 412 911 492 Pudorque

255 496 372 557 Priscus
394 504 423 555 et
446 495 580 574 neglecta
603 495 698 556 redire
723 497 820 559 Virtus

255 581 350 641 Audet
370 581 549 659 adparetque
571 581 655 641 beata
678 581 768 661 pleno

181 675 210 724 ot
331 665 421 744 Copia
443 682 554 738 cornu3

254 818 357 896 Augur
379 825 408 877 et
429 816 561 895 fulgente
584 818 710 879 decorus
733 836 804 878 arcu

154 894 161 909 ’
253 901 391 963 Phoebus
414 910 611 980 acceptusque
635 921 739 962 novem
765 901 907 978 Camenis,

254 985 311 1056 Qui
333 987 452 1048 salutari
473 987 549 1047 levat
570 997 632 1048 arte
653 988 747 1050 fessos

328 1071 468 1150 Corporis
489 1081 578 1144 artus,

181 1234 210 1284 ot
253 1223 285 1283 Si
308 1223 452 1285 Palatinas
474 1223 550 1284 videt
572 1242 683 1302 aequus
705 1241 778 1297 aras,

255 1308 388 1388 Rcmque
409 1308 571 1368 Romanam
594 1309 767 1388 Latiumque
790 1306 859 1368 felix

255 1395 388 1456 Alterum
411 1393 440 1453 iu
464 1393 589 1454 lustrum
611 1394 775 1472 meliusque
798 1410 916 1471 semper

328 1480 473 1556 Prorogat
495 1497 611 1553 aerum;

253 1630 393 1710 Quaeque
416 1631 593 1691 Aventinum
617 1639 698 1690 tenet
719 1628 927 1708 Algidumque,

181 1725 210 1775 to
253 1714 429 1785 Quindecim
451 1717 542 1776 Diana
566 1734 670 1795 preces
692 1715 823 1774 virorum

253 1800 342 1862 Curat
364 1810 394 1861 et
414 1802 489 1861 votis
511 1818 672 1879 puerorum
696 1799 803 1859 amicas

329 1886 462 1965 Adplicat
484 1886 572 1946 auris.

253 2037 331 2096 Haec
354 2037 450 2096 iovem
474 2037 583 2096 sentire
606 2035 736 2113 deosque
759 2043 883 2093 cunctos

255 2120 343 2199 Spem
367 2120 476 2181 bonam
499 2131 667 2198 certamque
690 2121 810 2180 domum
833 2125 963 2196 reporto,

184 2217 212 2266 to
256 2206 367 2268 Doctus
390 2215 419 2266 et
441 2206 553 2266 Phoebi
577 2206 686 2266 chorus
709 2214 737 2264 et
760 2204 870 2264 Dianae

331 2292 435 2352 Dicere
457 2290 567 2352 laudes.

125 2412 320 2420 ————-...

210 2492 234 2527 o.
253 2477 284 2527 65
303 2490 373 2527 arces
389 2476 393 2541 Ι
409 2477 440 2528 68
459 2480 579 2542 proroget
595 2474 600 2542 Ι
616 2477 644 2525 tt
666 2476 736 2524 curet
754 2473 788 2537 (o)
803 2472 808 2535 Ι
824 2475 856 2524 72
875 2470 986 2537 adplicet
1005 2469 1042 2534 (o)
