<?xml version="1.0" encoding="UTF-8"?>
<!DOCTYPE html PUBLIC "-//W3C//DTD XHTML 1.0 Transitional//EN"
    "http://www.w3.org/TR/xhtml1/DTD/xhtml1-transitional.dtd">
<html xmlns="http://www.w3.org/1999/xhtml" xml:lang="en" lang="en">
 <head>
  <title>
</title>
<meta http-equiv="Content-Type" content="text/html;charset=utf-8" />
  <meta name='ocr-system' content='tesseract 3.04.00' />
  <meta name='ocr-capabilities' content='ocr_page ocr_carea ocr_par ocr_line ocrx_word'/>
</head>
<body>
  <div class='ocr_page' id='page_1' title='image "./qhoratiiflaccic02hertgoog_0086.png"; bbox 0 0 2656 4448; ppageno 0'>
   <div class='ocr_carea' id='block_1_1' title="bbox 497 238 834 292">
    <p class='ocr_par' dir='ltr' id='par_1_1' title="bbox 497 238 834 292">
     <span class='ocr_line' id='line_1_1' title="bbox 497 238 834 292; baseline 0.009 -3"><span class='ocrx_word' id='word_1_1' title='bbox 497 238 669 291; x_wconf 80' lang='lat' dir='ltr'><strong>CARMINUM</strong></span> <span class='ocrx_word' id='word_1_2' title='bbox 687 239 717 290; x_wconf 94' lang='lat' dir='ltr'>lll</span> <span class='ocrx_word' id='word_1_3' title='bbox 735 241 775 292; x_wconf 73' lang='lat'>26.</span> <span class='ocrx_word' id='word_1_4' title='bbox 794 243 834 292; x_wconf 76' lang='lat'>27.</span> 
     </span>
    </p>
   </div>
   <div class='ocr_carea' id='block_1_2' title="bbox 260 410 736 692">
    <p class='ocr_par' dir='ltr' id='par_1_2' title="bbox 260 410 736 692">
     <span class='ocr_line' id='line_1_2' title="bbox 625 410 714 470; baseline 0.011 -1"><span class='ocrx_word' id='word_1_5' title='bbox 625 410 714 470; x_wconf 83' lang='lat' dir='ltr'>XXVI</span> 
     </span>
     <span class='ocr_line' id='line_1_3' title="bbox 260 525 715 607; baseline 0.011 -23"><span class='ocrx_word' id='word_1_6' title='bbox 260 525 323 586; x_wconf 83' lang='lat' dir='ltr'>Vixi</span> <span class='ocrx_word' id='word_1_7' title='bbox 346 528 450 606; x_wconf 86' lang='lat' dir='ltr'>puellis</span> <span class='ocrx_word' id='word_1_8' title='bbox 473 547 569 607; x_wconf 84' lang='lat' dir='ltr'><strong>nuper</strong></span> <span class='ocrx_word' id='word_1_9' title='bbox 591 529 715 590; x_wconf 93' lang='lat' dir='ltr'>idoneus</span> 
     </span>
     <span class='ocr_line' id='line_1_4' title="bbox 260 610 736 692; baseline 0.008 -22"><span class='ocrx_word' id='word_1_10' title='bbox 260 610 297 672; x_wconf 84' lang='lat' dir='ltr'>Et</span> <span class='ocrx_word' id='word_1_11' title='bbox 319 613 438 672; x_wconf 82' lang='lat' dir='ltr'>militavi</span> <span class='ocrx_word' id='word_1_12' title='bbox 461 632 522 674; x_wconf 95' lang='lat' dir='ltr'>non</span> <span class='ocrx_word' id='word_1_13' title='bbox 545 614 609 675; x_wconf 92' lang='lat' dir='ltr'>sine</span> <span class='ocrx_word' id='word_1_14' title='bbox 630 614 736 692; x_wconf 88' lang='lat' dir='ltr'>gloria:</span> 
     </span>
    </p>
   </div>
   <div class='ocr_carea' id='block_1_3' title="bbox 305 696 845 862">
    <p class='ocr_par' dir='ltr' id='par_1_3' title="bbox 305 696 845 862">
     <span class='ocr_line' id='line_1_5' title="bbox 305 696 845 778; baseline 0.006 -22"><span class='ocrx_word' id='word_1_15' title='bbox 305 696 391 757; x_wconf 93' lang='lat' dir='ltr'>Nunc</span> <span class='ocrx_word' id='word_1_16' title='bbox 413 716 492 758; x_wconf 88' lang='lat' dir='ltr'>arma</span> <span class='ocrx_word' id='word_1_17' title='bbox 516 699 745 778; x_wconf 81' lang='lat' dir='ltr'>defunctumque</span> <span class='ocrx_word' id='word_1_18' title='bbox 768 699 845 760; x_wconf 92' lang='lat' dir='ltr'>bello</span> 
     </span>
     <span class='ocr_line' id='line_1_6' title="bbox 356 782 837 862; baseline 0.006 -21"><span class='ocrx_word' id='word_1_19' title='bbox 356 782 497 844; x_wconf 89' lang='lat' dir='ltr'>Barbiton</span> <span class='ocrx_word' id='word_1_20' title='bbox 520 784 568 844; x_wconf 90' lang='lat' dir='ltr'>bic</span> <span class='ocrx_word' id='word_1_21' title='bbox 591 785 687 862; x_wconf 90' lang='lat' dir='ltr'>paries</span> <span class='ocrx_word' id='word_1_22' title='bbox 708 783 837 856; x_wconf 83' lang='lat' dir='ltr'>habebit,</span> 
     </span>
    </p>
   </div>
   <div class='ocr_carea' id='block_1_4' title="bbox 258 931 866 1269">
    <p class='ocr_par' dir='ltr' id='par_1_4' title="bbox 258 931 866 1269">
     <span class='ocr_line' id='line_1_7' title="bbox 258 931 853 1014; baseline 0.013 -24"><span class='ocrx_word' id='word_1_23' title='bbox 258 931 384 993; x_wconf 81' lang='lat' dir='ltr'><strong>Laevum</strong></span> <span class='ocrx_word' id='word_1_24' title='bbox 407 935 538 996; x_wconf 88' lang='lat' dir='ltr'>marinae</span> <span class='ocrx_word' id='word_1_25' title='bbox 561 937 610 1014; x_wconf 90' lang='lat' dir='ltr'>qui</span> <span class='ocrx_word' id='word_1_26' title='bbox 633 937 755 997; x_wconf 89' lang='lat' dir='ltr'>Veneris</span> <span class='ocrx_word' id='word_1_27' title='bbox 778 937 853 998; x_wconf 87' lang='lat' dir='ltr'>letus</span> 
     </span>
     <span class='ocr_line' id='line_1_8' title="bbox 259 1015 818 1101; baseline 0.013 -25"><span class='ocrx_word' id='word_1_28' title='bbox 259 1015 400 1080; x_wconf 82' lang='lat' dir='ltr'>Custodit.</span> <span class='ocrx_word' id='word_1_29' title='bbox 444 1020 507 1094; x_wconf 85' lang='lat' dir='ltr'>Hic,</span> <span class='ocrx_word' id='word_1_30' title='bbox 531 1021 579 1082; x_wconf 92' lang='lat' dir='ltr'>hic</span> <span class='ocrx_word' id='word_1_31' title='bbox 600 1023 702 1101; x_wconf 85' lang='lat' dir='ltr'>ponite</span> <span class='ocrx_word' id='word_1_32' title='bbox 722 1022 818 1083; x_wconf 88' lang='lat' dir='ltr'>lucida</span> 
     </span>
     <span class='ocr_line' id='line_1_9' title="bbox 304 1101 744 1168; baseline 0.016 -7"><span class='ocrx_word' id='word_1_33' title='bbox 304 1101 424 1164; x_wconf 85' lang='lat' dir='ltr'>Funalia</span> <span class='ocrx_word' id='word_1_34' title='bbox 446 1113 475 1165; x_wconf 91' lang='lat' dir='ltr'>et</span> <span class='ocrx_word' id='word_1_35' title='bbox 496 1106 586 1168; x_wconf 89' lang='lat' dir='ltr'>vectis</span> <span class='ocrx_word' id='word_1_36' title='bbox 608 1117 638 1167; x_wconf 90' lang='lat' dir='ltr'>et</span> <span class='ocrx_word' id='word_1_37' title='bbox 658 1126 744 1168; x_wconf 90' lang='lat' dir='ltr'>arcus</span> 
     </span>
     <span class='ocr_line' id='line_1_10' title="bbox 355 1189 866 1269; baseline 0.008 -19"><span class='ocrx_word' id='word_1_38' title='bbox 355 1189 505 1269; x_wconf 85' lang='lat' dir='ltr'>Oppositis</span> <span class='ocrx_word' id='word_1_39' title='bbox 526 1191 640 1252; x_wconf 87' lang='lat' dir='ltr'>loribus</span> <span class='ocrx_word' id='word_1_40' title='bbox 663 1192 801 1253; x_wconf 90' lang='lat' dir='ltr'>minacisl</span> <span class='ocrx_word' id='word_1_41' title='bbox 826 1227 866 1236; x_wconf 93' lang='lat'>-</span> 
     </span>
    </p>
   </div>
   <div class='ocr_carea' id='block_1_5' title="bbox 256 1339 920 1675">
    <p class='ocr_par' dir='ltr' id='par_1_5' title="bbox 256 1339 920 1675">
     <span class='ocr_line' id='line_1_11' title="bbox 258 1339 909 1423; baseline 0.006 -23"><span class='ocrx_word' id='word_1_42' title='bbox 258 1339 281 1400; x_wconf 88' lang='grc'>0</span> <span class='ocrx_word' id='word_1_43' title='bbox 306 1359 380 1419; x_wconf 90' lang='lat' dir='ltr'>quae</span> <span class='ocrx_word' id='word_1_44' title='bbox 401 1341 515 1402; x_wconf 78' lang='lat' dir='ltr'>beatam</span> <span class='ocrx_word' id='word_1_45' title='bbox 538 1343 600 1402; x_wconf 87' lang='lat' dir='ltr'>diva</span> <span class='ocrx_word' id='word_1_46' title='bbox 625 1352 707 1404; x_wconf 89' lang='lat' dir='ltr'>tenes</span> <span class='ocrx_word' id='word_1_47' title='bbox 729 1344 855 1423; x_wconf 85' lang='lat' dir='ltr'>Cyprum</span> <span class='ocrx_word' id='word_1_48' title='bbox 880 1356 909 1406; x_wconf 89' lang='lat' dir='ltr'>et</span> 
     </span>
     <span class='ocr_line' id='line_1_12' title="bbox 256 1423 832 1505; baseline 0.007 -21"><span class='ocrx_word' id='word_1_49' title='bbox 256 1423 407 1505; x_wconf 84' lang='lat' dir='ltr'>Memphin</span> <span class='ocrx_word' id='word_1_50' title='bbox 430 1436 579 1487; x_wconf 84' lang='lat' dir='ltr'>carentem</span> <span class='ocrx_word' id='word_1_51' title='bbox 602 1428 734 1488; x_wconf 88' lang='lat' dir='ltr'>Sithonia</span> <span class='ocrx_word' id='word_1_52' title='bbox 757 1430 832 1503; x_wconf 89' lang='lat' dir='ltr'>nive,</span> 
     </span>
     <span class='ocr_line' id='line_1_13' title="bbox 301 1509 702 1589; baseline 0.002 -19"><span class='ocrx_word' id='word_1_53' title='bbox 301 1510 423 1589; x_wconf 85' lang='lat' dir='ltr'>Regina,</span> <span class='ocrx_word' id='word_1_54' title='bbox 447 1509 564 1571; x_wconf 83' lang='lat' dir='ltr'>sublimi</span> <span class='ocrx_word' id='word_1_55' title='bbox 587 1511 702 1589; x_wconf 85' lang='lat' dir='ltr'>flagello</span> 
     </span>
     <span class='ocr_line' id='line_1_14' title="bbox 355 1596 920 1675; baseline 0.005 -20"><span class='ocrx_word' id='word_1_56' title='bbox 355 1596 455 1674; x_wconf 82' lang='lat' dir='ltr'>Tange</span> <span class='ocrx_word' id='word_1_57' title='bbox 478 1596 589 1656; x_wconf 83' lang='lat' dir='ltr'>Chloen</span> <span class='ocrx_word' id='word_1_58' title='bbox 612 1598 702 1657; x_wconf 90' lang='lat' dir='ltr'>semel</span> <span class='ocrx_word' id='word_1_59' title='bbox 724 1606 920 1675; x_wconf 88' lang='lat' dir='ltr'>arrogantem.</span> 
     </span>
    </p>
   </div>
   <div class='ocr_carea' id='block_1_6' title="bbox 611 1849 714 1910">
    <p class='ocr_par' dir='ltr' id='par_1_6' title="bbox 611 1849 714 1910">
     <span class='ocr_line' id='line_1_15' title="bbox 611 1849 714 1910; baseline 0.01 -2"><span class='ocrx_word' id='word_1_60' title='bbox 611 1849 714 1910; x_wconf 87' lang='lat' dir='ltr'>XXVll</span> 
     </span>
    </p>
   </div>
   <div class='ocr_carea' id='block_1_7' title="bbox 255 1964 916 2217">
    <p class='ocr_par' dir='ltr' id='par_1_7' title="bbox 255 1964 916 2217">
     <span class='ocr_line' id='line_1_16' title="bbox 255 1964 782 2046; baseline 0.009 -21"><span class='ocrx_word' id='word_1_61' title='bbox 255 1964 365 2045; x_wconf 89' lang='lat' dir='ltr'>lmpios</span> <span class='ocrx_word' id='word_1_62' title='bbox 386 1985 489 2046; x_wconf 89' lang='lat' dir='ltr'>parrae</span> <span class='ocrx_word' id='word_1_63' title='bbox 511 1970 672 2030; x_wconf 86' lang='lat' dir='ltr'>recinentis</span> <span class='ocrx_word' id='word_1_64' title='bbox 695 1988 782 2030; x_wconf 91' lang='lat' dir='ltr'>omen</span> 
     </span>
     <span class='ocr_line' id='line_1_17' title="bbox 256 2050 916 2135; baseline 0.009 -25"><span class='ocrx_word' id='word_1_65' title='bbox 256 2050 350 2112; x_wconf 82' lang='lat' dir='ltr'>Ducat</span> <span class='ocrx_word' id='word_1_66' title='bbox 373 2063 401 2112; x_wconf 91' lang='lat' dir='ltr'>et</span> <span class='ocrx_word' id='word_1_67' title='bbox 423 2071 591 2132; x_wconf 81' lang='lat' dir='ltr'>praegnans</span> <span class='ocrx_word' id='word_1_68' title='bbox 613 2054 694 2116; x_wconf 90' lang='lat' dir='ltr'>canis</span> <span class='ocrx_word' id='word_1_69' title='bbox 717 2064 766 2114; x_wconf 91' lang='lat' dir='ltr'>aut</span> <span class='ocrx_word' id='word_1_70' title='bbox 788 2055 823 2115; x_wconf 87' lang='lat' dir='ltr'>ab</span> <span class='ocrx_word' id='word_1_71' title='bbox 847 2073 916 2135; x_wconf 88' lang='lat' dir='ltr'>agro</span> 
     </span>
     <span class='ocr_line' id='line_1_18' title="bbox 256 2134 782 2217; baseline 0.011 -22"><span class='ocrx_word' id='word_1_72' title='bbox 256 2134 333 2196; x_wconf 89' lang='lat' dir='ltr'>Rave</span> <span class='ocrx_word' id='word_1_73' title='bbox 356 2137 517 2198; x_wconf 81' lang='lat' dir='ltr'>decurrens</span> <span class='ocrx_word' id='word_1_74' title='bbox 539 2139 607 2217; x_wconf 91' lang='lat' dir='ltr'>lupa</span> <span class='ocrx_word' id='word_1_75' title='bbox 630 2139 782 2201; x_wconf 86' lang='lat' dir='ltr'>Lanuvino</span> 
     </span>
    </p>
   </div>
   <div class='ocr_carea' id='block_1_8' title="bbox 330 2220 597 2302">
    <p class='ocr_par' dir='ltr' id='par_1_8' title="bbox 330 2220 597 2302">
     <span class='ocr_line' id='line_1_19' title="bbox 330 2220 597 2302; baseline 0.015 -22"><span class='ocrx_word' id='word_1_76' title='bbox 330 2220 459 2301; x_wconf 85' lang='lat' dir='ltr'>Fetaquc</span> <span class='ocrx_word' id='word_1_77' title='bbox 480 2223 597 2302; x_wconf 88' lang='lat' dir='ltr'>volpes;</span> 
     </span>
    </p>
   </div>
   <div class='ocr_carea' id='block_1_9' title="bbox 254 2374 850 2708">
    <p class='ocr_par' dir='ltr' id='par_1_9' title="bbox 254 2374 850 2453">
     <span class='ocr_line' id='line_1_20' title="bbox 254 2374 850 2453; baseline 0.005 -19"><span class='ocrx_word' id='word_1_78' title='bbox 254 2374 381 2452; x_wconf 88' lang='lat' dir='ltr'>Rumpat</span> <span class='ocrx_word' id='word_1_79' title='bbox 404 2386 433 2435; x_wconf 91' lang='lat' dir='ltr'>et</span> <span class='ocrx_word' id='word_1_80' title='bbox 454 2394 577 2453; x_wconf 89' lang='lat' dir='ltr'>serpens</span> <span class='ocrx_word' id='word_1_81' title='bbox 599 2376 655 2436; x_wconf 93' lang='lat' dir='ltr'>iter</span> <span class='ocrx_word' id='word_1_82' title='bbox 677 2377 850 2449; x_wconf 83' lang='lat' dir='ltr'>institutum,</span> 
     </span>
    </p>

    <p class='ocr_par' dir='ltr' id='par_1_10' title="bbox 254 2459 805 2539">
     <span class='ocr_line' id='line_1_21' title="bbox 254 2459 805 2539; baseline 0.004 -20"><span class='ocrx_word' id='word_1_83' title='bbox 254 2460 285 2520; x_wconf 91' lang='lat' dir='ltr'>Si</span> <span class='ocrx_word' id='word_1_84' title='bbox 308 2478 362 2538; x_wconf 89' lang='lat' dir='ltr'>per</span> <span class='ocrx_word' id='word_1_85' title='bbox 385 2459 537 2539; x_wconf 89' lang='lat' dir='ltr'>obliquum</span> <span class='ocrx_word' id='word_1_86' title='bbox 561 2461 662 2520; x_wconf 91' lang='lat' dir='ltr'>similis</span> <span class='ocrx_word' id='word_1_87' title='bbox 684 2461 805 2539; x_wconf 79' lang='lat' dir='ltr'>sagittae</span> 
     </span>
    </p>

    <p class='ocr_par' dir='ltr' id='par_1_11' title="bbox 254 2545 816 2708">
     <span class='ocr_line' id='line_1_22' title="bbox 254 2545 816 2622; baseline 0.004 -18"><span class='ocrx_word' id='word_1_88' title='bbox 254 2545 372 2605; x_wconf 88' lang='lat' dir='ltr'>Terruit</span> <span class='ocrx_word' id='word_1_89' title='bbox 394 2564 534 2605; x_wconf 89' lang='lat' dir='ltr'>mannos:</span> <span class='ocrx_word' id='word_1_90' title='bbox 560 2563 614 2622; x_wconf 90' lang='lat' dir='ltr'>ego</span> <span class='ocrx_word' id='word_1_91' title='bbox 638 2546 684 2606; x_wconf 93' lang='lat' dir='ltr'>cui</span> <span class='ocrx_word' id='word_1_92' title='bbox 707 2546 816 2606; x_wconf 85' lang='lat' dir='ltr'>timebo</span> 
     </span>
     <span class='ocr_line' id='line_1_23' title="bbox 329 2629 611 2708; baseline 0.004 -20"><span class='ocrx_word' id='word_1_93' title='bbox 329 2629 471 2691; x_wconf 90' lang='lat' dir='ltr'>Providus</span> <span class='ocrx_word' id='word_1_94' title='bbox 492 2648 611 2708; x_wconf 86' lang='lat' dir='ltr'>auspex,</span> 
     </span>
    </p>
   </div>
   <div class='ocr_carea' id='block_1_10' title="bbox 253 2781 825 3096">
    <p class='ocr_par' dir='ltr' id='par_1_12' title="bbox 253 2781 825 2861">
     <span class='ocr_line' id='line_1_24' title="bbox 253 2781 825 2861; baseline 0.002 -21"><span class='ocrx_word' id='word_1_95' title='bbox 253 2783 419 2857; x_wconf 81' lang='lat' dir='ltr'>Antequam</span> <span class='ocrx_word' id='word_1_96' title='bbox 442 2782 547 2841; x_wconf 86' lang='lat' dir='ltr'>stantis</span> <span class='ocrx_word' id='word_1_97' title='bbox 569 2789 683 2861; x_wconf 88' lang='lat' dir='ltr'>repetat</span> <span class='ocrx_word' id='word_1_98' title='bbox 704 2781 825 2859; x_wconf 88' lang='lat' dir='ltr'>paludes</span> 
     </span>
    </p>

    <p class='ocr_par' dir='ltr' id='par_1_13' title="bbox 253 2865 823 2937">
     <span class='ocr_line' id='line_1_25' title="bbox 253 2865 823 2937; baseline -0.004 -11"><span class='ocrx_word' id='word_1_99' title='bbox 253 2865 394 2926; x_wconf 94' lang='lat' dir='ltr'>lmbrium</span> <span class='ocrx_word' id='word_1_100' title='bbox 417 2865 511 2926; x_wconf 87' lang='lat' dir='ltr'>divina</span> <span class='ocrx_word' id='word_1_101' title='bbox 534 2866 593 2926; x_wconf 88' lang='lat' dir='ltr'>avis</span> <span class='ocrx_word' id='word_1_102' title='bbox 615 2866 823 2937; x_wconf 86' lang='lat' dir='ltr'>inminentum,</span> 
     </span>
    </p>

    <p class='ocr_par' dir='ltr' id='par_1_14' title="bbox 256 2949 819 3096">
     <span class='ocr_line' id='line_1_26' title="bbox 256 2949 819 3028; baseline -0.005 -16"><span class='ocrx_word' id='word_1_103' title='bbox 256 2951 394 3012; x_wconf 85' lang='lat' dir='ltr'>Oscinem</span> <span class='ocrx_word' id='word_1_104' title='bbox 417 2968 537 3010; x_wconf 88' lang='lat' dir='ltr'>corvum</span> <span class='ocrx_word' id='word_1_105' title='bbox 560 2968 649 3028; x_wconf 87' lang='lat' dir='ltr'>prece</span> <span class='ocrx_word' id='word_1_106' title='bbox 672 2949 819 3011; x_wconf 90' lang='lat' dir='ltr'>suscitabo</span> 
     </span>
     <span class='ocr_line' id='line_1_27' title="bbox 329 3034 565 3096; baseline -0.008 -1"><span class='ocrx_word' id='word_1_107' title='bbox 329 3034 406 3096; x_wconf 86' lang='lat' dir='ltr'>Solis</span> <span class='ocrx_word' id='word_1_108' title='bbox 429 3036 464 3095; x_wconf 87' lang='lat' dir='ltr'>ab</span> <span class='ocrx_word' id='word_1_109' title='bbox 489 3046 565 3095; x_wconf 91' lang='lat' dir='ltr'>ortu.</span> 
     </span>
    </p>
   </div>
   <div class='ocr_carea' id='block_1_11' title="bbox 257 3186 826 3520">
    <p class='ocr_par' dir='ltr' id='par_1_15' title="bbox 259 3186 818 3265">
     <span class='ocr_line' id='line_1_28' title="bbox 259 3186 818 3265; baseline -0.002 -17"><span class='ocrx_word' id='word_1_110' title='bbox 259 3187 306 3248; x_wconf 89' lang='lat' dir='ltr'>Sis</span> <span class='ocrx_word' id='word_1_111' title='bbox 327 3188 396 3247; x_wconf 91' lang='lat' dir='ltr'>licet</span> <span class='ocrx_word' id='word_1_112' title='bbox 416 3186 493 3260; x_wconf 81' lang='lat' dir='ltr'>felix,</span> <span class='ocrx_word' id='word_1_113' title='bbox 517 3186 697 3265; x_wconf 89' lang='lat' dir='ltr'>ubicumque</span> <span class='ocrx_word' id='word_1_114' title='bbox 719 3187 818 3261; x_wconf 80' lang='lat' dir='ltr'>mavis,</span> 
     </span>
    </p>

    <p class='ocr_par' dir='ltr' id='par_1_16' title="bbox 260 3271 805 3347">
     <span class='ocr_line' id='line_1_29' title="bbox 260 3271 805 3347; baseline 0.004 -15"><span class='ocrx_word' id='word_1_115' title='bbox 260 3272 297 3332; x_wconf 87' lang='lat' dir='ltr'>Et</span> <span class='ocrx_word' id='word_1_116' title='bbox 318 3290 433 3333; x_wconf 91' lang='lat' dir='ltr'>memor</span> <span class='ocrx_word' id='word_1_117' title='bbox 454 3273 557 3345; x_wconf 84' lang='lat' dir='ltr'>nostri,</span> <span class='ocrx_word' id='word_1_118' title='bbox 580 3271 706 3347; x_wconf 88' lang='lat' dir='ltr'>Galatea,</span> <span class='ocrx_word' id='word_1_119' title='bbox 729 3273 805 3334; x_wconf 85' lang='lat' dir='ltr'>rivas</span> 
     </span>
    </p>

    <p class='ocr_par' dir='ltr' id='par_1_17' title="bbox 257 3356 826 3520">
     <span class='ocr_line' id='line_1_30' title="bbox 257 3356 826 3437; baseline 0.004 -20"><span class='ocrx_word' id='word_1_120' title='bbox 257 3357 357 3436; x_wconf 88' lang='lat' dir='ltr'>Teque</span> <span class='ocrx_word' id='word_1_121' title='bbox 380 3375 436 3418; x_wconf 93' lang='lat' dir='ltr'>nec</span> <span class='ocrx_word' id='word_1_122' title='bbox 458 3356 557 3418; x_wconf 89' lang='lat' dir='ltr'>laevus</span> <span class='ocrx_word' id='word_1_123' title='bbox 578 3367 655 3418; x_wconf 88' lang='lat' dir='ltr'>vetet</span> <span class='ocrx_word' id='word_1_124' title='bbox 677 3359 719 3419; x_wconf 90' lang='lat' dir='ltr'>ire</span> <span class='ocrx_word' id='word_1_125' title='bbox 743 3359 826 3437; x_wconf 90' lang='lat' dir='ltr'>picus</span> 
     </span>
     <span class='ocr_line' id='line_1_31' title="bbox 330 3442 618 3520; baseline -0.003 -17"><span class='ocrx_word' id='word_1_126' title='bbox 330 3443 390 3503; x_wconf 91' lang='lat' dir='ltr'>Nec</span> <span class='ocrx_word' id='word_1_127' title='bbox 412 3459 482 3520; x_wconf 90' lang='lat' dir='ltr'>vaga</span> <span class='ocrx_word' id='word_1_128' title='bbox 505 3442 618 3502; x_wconf 86' lang='lat' dir='ltr'>cornix.</span> 
     </span>
    </p>
   </div>
   <div class='ocr_carea' id='block_1_12' title="bbox 128 3594 335 3604">
    <p class='ocr_par' dir='ltr' id='par_1_18' title="bbox 128 3594 335 3604">
     <span class='ocr_line' id='line_1_32' title="bbox 128 3594 335 3604; baseline -0.01 -1"><span class='ocrx_word' id='word_1_129' title='bbox 128 3594 335 3604; x_wconf 80' lang='grc'>...-.--</span> 
     </span>
    </p>
   </div>
   <div class='ocr_carea' id='block_1_13' title="bbox 90 3707 1190 3982">
    <p class='ocr_par' dir='ltr' id='par_1_19' title="bbox 90 3707 1190 3982">
     <span class='ocr_line' id='line_1_33' title="bbox 210 3707 1190 3776; baseline 0.002 -17"><span class='ocrx_word' id='word_1_130' title='bbox 210 3708 290 3760; x_wconf 85' lang='lat' dir='ltr'>XXVl</span> <span class='ocrx_word' id='word_1_131' title='bbox 308 3727 331 3760; x_wconf 88' lang='lat' dir='ltr'>o.</span> <span class='ocrx_word' id='word_1_132' title='bbox 352 3712 363 3761; x_wconf 91' lang='lat'>1</span> <span class='ocrx_word' id='word_1_133' title='bbox 385 3709 477 3761; x_wconf 88' lang='lat' dir='ltr'>duellis</span> <span class='ocrx_word' id='word_1_134' title='bbox 496 3709 522 3762; x_wconf 85' lang='lat' dir='ltr'>C.</span> <span class='ocrx_word' id='word_1_135' title='bbox 539 3709 650 3760; x_wconf 80' lang='lat' dir='ltr'>Franke</span> <span class='ocrx_word' id='word_1_136' title='bbox 667 3707 734 3769; x_wconf 78' lang='lat' dir='ltr'>faeti</span> <span class='ocrx_word' id='word_1_137' title='bbox 752 3710 844 3761; x_wconf 81' lang='lat' dir='ltr'>Horat.</span> <span class='ocrx_word' id='word_1_138' title='bbox 862 3727 888 3776; x_wconf 85' lang='lat' dir='ltr'>p.</span> <span class='ocrx_word' id='word_1_139' title='bbox 904 3712 944 3774; x_wconf 76' lang='lat'>57,</span> <span class='ocrx_word' id='word_1_140' title='bbox 965 3714 1044 3775; x_wconf 71' lang='lat'>1417</span> <span class='ocrx_word' id='word_1_141' title='bbox 1064 3717 1090 3762; x_wconf 90' lang='lat' dir='ltr'>et</span> <span class='ocrx_word' id='word_1_142' title='bbox 1108 3714 1190 3773; x_wconf 88' lang='lat' dir='ltr'>arcus]</span> 
     </span>
     <span class='ocr_line' id='line_1_34' title="bbox 129 3776 1186 3857; baseline -0.002 -28"><span class='ocrx_word' id='word_1_143' title='bbox 129 3793 195 3830; x_wconf 78' lang='lat' dir='ltr'>ocus</span> <span class='ocrx_word' id='word_1_144' title='bbox 212 3780 280 3829; x_wconf 84' lang='lat' dir='ltr'>mule</span> <span class='ocrx_word' id='word_1_145' title='bbox 298 3783 441 3857; x_wconf 75' lang='lat' dir='ltr'>temptatus</span> <span class='ocrx_word' id='word_1_146' title='bbox 458 3778 529 3841; x_wconf 83' lang='lat' dir='ltr'>(add.</span> <span class='ocrx_word' id='word_1_147' title='bbox 549 3779 683 3828; x_wconf 82' lang='lat' dir='ltr'>Housman</span> <span class='ocrx_word' id='word_1_148' title='bbox 703 3779 798 3842; x_wconf 75' lang='lat' dir='ltr'>Jburn.</span> <span class='ocrx_word' id='word_1_149' title='bbox 819 3776 854 3837; x_wconf 77' lang='lat' dir='ltr'>of</span> <span class='ocrx_word' id='word_1_150' title='bbox 863 3779 929 3844; x_wconf 77' lang='lat' dir='ltr'>phil.</span> <span class='ocrx_word' id='word_1_151' title='bbox 947 3778 969 3828; x_wconf 89' lang='lat' dir='ltr'>X</span> <span class='ocrx_word' id='word_1_152' title='bbox 988 3781 1019 3830; x_wconf 82' lang='lat'>20</span> <span class='ocrx_word' id='word_1_153' title='bbox 1038 3796 1063 3843; x_wconf 80' lang='lat' dir='ltr'>p.</span> <span class='ocrx_word' id='word_1_154' title='bbox 1083 3780 1186 3842; x_wconf 79' lang='lat' dir='ltr'>190sq.)</span> 
     </span>
     <span class='ocr_line' id='line_1_35' title="bbox 90 3844 1188 3982; baseline -0.002 -17"><span class='ocrx_word' id='word_1_155' title='bbox 90 3936 93 3941; x_wconf 94' lang='lat'>·</span> <span class='ocrx_word' id='word_1_156' title='bbox 125 3844 163 3907; x_wconf 49' lang='lat' dir='ltr'>ef·</span> <span class='ocrx_word' id='word_1_157' title='bbox 181 3846 488 3982; x_wconf 43' lang='grc' dir='ltr'>Αξῦιίθίίῐῗεὸᾝωρίῑ</span> <span class='ocrx_word' id='word_1_158' title='bbox 506 3918 549 3977; x_wconf 92' lang='lat'>(=</span> <span class='ocrx_word' id='word_1_159' title='bbox 566 3914 652 3964; x_wconf 85' lang='lat' dir='ltr'>Bentl.</span> <span class='ocrx_word' id='word_1_160' title='bbox 668 3914 672 3980; x_wconf 76' lang='lat' dir='ltr'>l</span> <span class='ocrx_word' id='word_1_161' title='bbox 690 3916 719 3966; x_wconf 88' lang='lat'>15</span> <span class='ocrx_word' id='word_1_162' title='bbox 739 3919 809 3964; x_wconf 87' lang='lat' dir='ltr'>uetat</span> <span class='ocrx_word' id='word_1_163' title='bbox 826 3914 861 3977; x_wconf 87' lang='lat' dir='ltr'>(u)</span> <span class='ocrx_word' id='word_1_164' title='bbox 881 3937 912 3955; x_wconf 96' lang='lat'><strong><em>=</em></strong></span> <span class='ocrx_word' id='word_1_165' title='bbox 932 3913 1083 3974; x_wconf 77' lang='lat' dir='ltr'>Lambinus,</span> <span class='ocrx_word' id='word_1_166' title='bbox 1102 3912 1188 3964; x_wconf 84' lang='lat' dir='ltr'>Bentl.</span> 
     </span>
    </p>
   </div>
   <div class='ocr_carea' id='block_1_14' title="bbox 0 0 1332 4448">
    <p class='ocr_par' dir='ltr' id='par_1_20' title="bbox 0 0 1332 4448">
     <span class='ocr_line' id='line_1_36' title="bbox 0 0 1332 4448; baseline 0 3"><span class='ocrx_word' id='word_1_167' title='bbox 0 0 1332 4448; x_wconf 95' lang='lat' dir='ltr'> </span> 
     </span>
    </p>
   </div>
  </div>
 </body>
</html>
