<?xml version="1.0" encoding="UTF-8"?>
<!DOCTYPE html PUBLIC "-//W3C//DTD XHTML 1.0 Transitional//EN"
    "http://www.w3.org/TR/xhtml1/DTD/xhtml1-transitional.dtd">
<html xmlns="http://www.w3.org/1999/xhtml" xml:lang="en" lang="en">
 <head>
  <title>
</title>
<meta http-equiv="Content-Type" content="text/html;charset=utf-8" />
  <meta name='ocr-system' content='tesseract 3.04.00' />
  <meta name='ocr-capabilities' content='ocr_page ocr_carea ocr_par ocr_line ocrx_word'/>
</head>
<body>
  <div class='ocr_page' id='page_1' title='image "./qhoratiiflaccic02hertgoog_0087.png"; bbox 0 0 2656 4448; ppageno 0'>
   <div class='ocr_carea' id='block_1_1' title="bbox 525 216 804 272">
    <p class='ocr_par' dir='ltr' id='par_1_1' title="bbox 525 216 804 272">
     <span class='ocr_line' id='line_1_1' title="bbox 525 216 804 272; baseline 0.007 -3"><span class='ocrx_word' id='word_1_1' title='bbox 525 216 698 272; x_wconf 79' lang='lat' dir='ltr'><strong>CARMINUM</strong></span> <span class='ocrx_word' id='word_1_2' title='bbox 714 218 745 272; x_wconf 93' lang='lat' dir='ltr'><strong>lll</strong></span> <span class='ocrx_word' id='word_1_3' title='bbox 763 221 804 271; x_wconf 77' lang='lat' dir='ltr'><strong>tt.</strong></span> 
     </span>
    </p>
   </div>
   <div class='ocr_carea' id='block_1_2' title="bbox 255 388 856 723">
    <p class='ocr_par' dir='ltr' id='par_1_2' title="bbox 255 388 856 469">
     <span class='ocr_line' id='line_1_2' title="bbox 255 388 856 469; baseline -0.003 -18"><span class='ocrx_word' id='word_1_4' title='bbox 255 389 312 451; x_wconf 86' lang='lat' dir='ltr'><strong>Sed</strong></span> <span class='ocrx_word' id='word_1_5' title='bbox 336 388 424 460; x_wconf 83' lang='lat' dir='ltr'><strong>vides,</strong></span> <span class='ocrx_word' id='word_1_6' title='bbox 448 399 558 466; x_wconf 89' lang='lat' dir='ltr'><strong>quanto</strong></span> <span class='ocrx_word' id='word_1_7' title='bbox 580 389 707 469; x_wconf 80' lang='lat' dir='ltr'><strong>trepidet</strong></span> <span class='ocrx_word' id='word_1_8' title='bbox 728 390 856 451; x_wconf 78' lang='lat' dir='ltr'>tumultu</span> 
     </span>
    </p>

    <p class='ocr_par' dir='ltr' id='par_1_3' title="bbox 255 472 827 553">
     <span class='ocr_line' id='line_1_3' title="bbox 255 472 827 553; baseline 0 -19"><span class='ocrx_word' id='word_1_9' title='bbox 255 475 372 534; x_wconf 84' lang='lat' dir='ltr'>Pronus</span> <span class='ocrx_word' id='word_1_10' title='bbox 395 472 512 533; x_wconf 85' lang='lat' dir='ltr'><strong>Orionl</strong></span> <span class='ocrx_word' id='word_1_11' title='bbox 534 493 589 553; x_wconf 84' lang='lat' dir='ltr'><strong>ego</strong></span> <span class='ocrx_word' id='word_1_12' title='bbox 613 475 683 553; x_wconf 91' lang='lat' dir='ltr'><strong>quid</strong></span> <span class='ocrx_word' id='word_1_13' title='bbox 706 475 744 536; x_wconf 89' lang='lat' dir='ltr'><strong>sit</strong></span> <span class='ocrx_word' id='word_1_14' title='bbox 765 484 827 535; x_wconf 89' lang='lat' dir='ltr'><strong>ater</strong></span> 
     </span>
    </p>

    <p class='ocr_par' dir='ltr' id='par_1_4' title="bbox 256 558 827 723">
     <span class='ocr_line' id='line_1_4' title="bbox 256 558 827 638; baseline -0.002 -18"><span class='ocrx_word' id='word_1_15' title='bbox 256 559 381 620; x_wconf 80' lang='lat' dir='ltr'>Hadriae</span> <span class='ocrx_word' id='word_1_16' title='bbox 405 558 472 618; x_wconf 90' lang='lat' dir='ltr'><strong>novi</strong></span> <span class='ocrx_word' id='word_1_17' title='bbox 493 558 577 620; x_wconf 92' lang='lat' dir='ltr'><strong>sinus</strong></span> <span class='ocrx_word' id='word_1_18' title='bbox 599 569 629 620; x_wconf 90' lang='lat' dir='ltr'><strong>et</strong></span> <span class='ocrx_word' id='word_1_19' title='bbox 652 559 722 638; x_wconf 89' lang='lat' dir='ltr'><strong>quid</strong></span> <span class='ocrx_word' id='word_1_20' title='bbox 744 559 827 621; x_wconf 89' lang='lat' dir='ltr'><strong>albus</strong></span> 
     </span>
     <span class='ocr_line' id='line_1_5' title="bbox 334 643 558 723; baseline -0.004 -20"><span class='ocrx_word' id='word_1_21' title='bbox 334 643 439 703; x_wconf 88' lang='lat' dir='ltr'><strong>Peooet</strong></span> <span class='ocrx_word' id='word_1_22' title='bbox 460 643 558 723; x_wconf 83' lang='lat' dir='ltr'><strong>Iapyx.</strong></span> 
     </span>
    </p>
   </div>
   <div class='ocr_carea' id='block_1_3' title="bbox 256 761 981 1093">
    <p class='ocr_par' dir='ltr' id='par_1_5' title="bbox 256 761 814 840">
     <span class='ocr_line' id='line_1_6' title="bbox 256 761 814 840; baseline 0.002 -17"><span class='ocrx_word' id='word_1_23' title='bbox 256 761 393 823; x_wconf 87' lang='lat' dir='ltr'><strong>Hostium</strong></span> <span class='ocrx_word' id='word_1_24' title='bbox 415 778 522 822; x_wconf 83' lang='lat' dir='ltr'><strong>uxores</strong></span> <span class='ocrx_word' id='word_1_25' title='bbox 544 762 688 840; x_wconf 86' lang='lat' dir='ltr'><strong>puerique</strong></span> <span class='ocrx_word' id='word_1_26' title='bbox 711 779 814 824; x_wconf 89' lang='lat' dir='ltr'><strong>oaeoos</strong></span> 
     </span>
    </p>

    <p class='ocr_par' dir='ltr' id='par_1_6' title="bbox 257 846 830 908">
     <span class='ocr_line' id='line_1_7' title="bbox 257 846 830 908; baseline -0.002 0"><span class='ocrx_word' id='word_1_27' title='bbox 257 847 392 908; x_wconf 87' lang='lat' dir='ltr'><strong>Sentiant</strong></span> <span class='ocrx_word' id='word_1_28' title='bbox 414 854 512 907; x_wconf 90' lang='lat' dir='ltr'><strong>motus</strong></span> <span class='ocrx_word' id='word_1_29' title='bbox 534 846 658 908; x_wconf 90' lang='lat' dir='ltr'><strong>orientis</strong></span> <span class='ocrx_word' id='word_1_30' title='bbox 680 847 778 907; x_wconf 83' lang='lat' dir='ltr'><strong>Austri</strong></span> <span class='ocrx_word' id='word_1_31' title='bbox 802 854 830 907; x_wconf 87' lang='lat' dir='ltr'><strong>et</strong></span> 
     </span>
    </p>

    <p class='ocr_par' dir='ltr' id='par_1_7' title="bbox 257 931 981 1093">
     <span class='ocr_line' id='line_1_8' title="bbox 257 931 981 1010; baseline 0 -18"><span class='ocrx_word' id='word_1_32' title='bbox 257 931 401 1010; x_wconf 76' lang='lat' dir='ltr'><strong>Aequoris</strong></span> <span class='ocrx_word' id='word_1_33' title='bbox 424 931 500 1008; x_wconf 83' lang='lat' dir='ltr'>nigri</span> <span class='ocrx_word' id='word_1_34' title='bbox 522 931 671 991; x_wconf 84' lang='lat' dir='ltr'><strong>fremitum</strong></span> <span class='ocrx_word' id='word_1_35' title='bbox 694 940 724 991; x_wconf 89' lang='lat' dir='ltr'><strong>et</strong></span> <span class='ocrx_word' id='word_1_36' title='bbox 745 931 900 992; x_wconf 91' lang='lat' dir='ltr'><strong>trementis</strong></span> <span class='ocrx_word' id='word_1_37' title='bbox 979 935 981 938; x_wconf 76' lang='grc'>’</span> 
     </span>
     <span class='ocr_line' id='line_1_9' title="bbox 335 1015 640 1093; baseline 0.003 -20"><span class='ocrx_word' id='word_1_38' title='bbox 335 1015 465 1076; x_wconf 81' lang='lat' dir='ltr'><strong>Verbere</strong></span> <span class='ocrx_word' id='word_1_39' title='bbox 487 1015 576 1093; x_wconf 91' lang='lat' dir='ltr'><strong>ripas.</strong></span> <span class='ocrx_word' id='word_1_40' title='bbox 598 1049 640 1058; x_wconf 96' lang='lat'>—</span> 
     </span>
    </p>
   </div>
   <div class='ocr_carea' id='block_1_4' title="bbox 258 1133 833 1462">
    <p class='ocr_par' dir='ltr' id='par_1_8' title="bbox 260 1133 766 1214">
     <span class='ocr_line' id='line_1_10' title="bbox 260 1133 766 1214; baseline -0.002 -19"><span class='ocrx_word' id='word_1_41' title='bbox 260 1135 308 1195; x_wconf 88' lang='lat' dir='ltr'><strong>Sic</strong></span> <span class='ocrx_word' id='word_1_42' title='bbox 331 1143 361 1194; x_wconf 91' lang='lat' dir='ltr'><strong>et</strong></span> <span class='ocrx_word' id='word_1_43' title='bbox 382 1134 502 1214; x_wconf 82' lang='lat' dir='ltr'><strong>Europe</strong></span> <span class='ocrx_word' id='word_1_44' title='bbox 525 1134 642 1193; x_wconf 88' lang='lat' dir='ltr'><strong>niveum</strong></span> <span class='ocrx_word' id='word_1_45' title='bbox 665 1133 766 1194; x_wconf 94' lang='lat' dir='ltr'><strong>doloso</strong></span> 
     </span>
    </p>

    <p class='ocr_par' dir='ltr' id='par_1_9' title="bbox 259 1218 825 1280">
     <span class='ocr_line' id='line_1_11' title="bbox 259 1218 825 1280; baseline -0.004 -1"><span class='ocrx_word' id='word_1_46' title='bbox 259 1218 388 1280; x_wconf 82' lang='lat' dir='ltr'><strong>Credidit</strong></span> <span class='ocrx_word' id='word_1_47' title='bbox 410 1228 494 1279; x_wconf 86' lang='lat' dir='ltr'><strong>tauro</strong></span> <span class='ocrx_word' id='word_1_48' title='bbox 516 1219 592 1278; x_wconf 90' lang='lat' dir='ltr'><strong>latus</strong></span> <span class='ocrx_word' id='word_1_49' title='bbox 615 1226 644 1277; x_wconf 90' lang='lat' dir='ltr'><strong>et</strong></span> <span class='ocrx_word' id='word_1_50' title='bbox 665 1226 825 1279; x_wconf 83' lang='lat' dir='ltr'><strong>scatentem</strong></span> 
     </span>
    </p>

    <p class='ocr_par' dir='ltr' id='par_1_10' title="bbox 258 1302 833 1462">
     <span class='ocr_line' id='line_1_12' title="bbox 258 1302 833 1383; baseline 0.003 -20"><span class='ocrx_word' id='word_1_51' title='bbox 258 1303 357 1364; x_wconf 89' lang='lat' dir='ltr'><strong>Beluis</strong></span> <span class='ocrx_word' id='word_1_52' title='bbox 379 1313 504 1383; x_wconf 88' lang='lat' dir='ltr'><strong>pontum</strong></span> <span class='ocrx_word' id='word_1_53' title='bbox 527 1302 694 1381; x_wconf 86' lang='lat' dir='ltr'><strong>mediasque</strong></span> <span class='ocrx_word' id='word_1_54' title='bbox 716 1303 833 1365; x_wconf 80' lang='lat' dir='ltr'><strong>fraudes</strong></span> 
     </span>
     <span class='ocr_line' id='line_1_13' title="bbox 335 1388 571 1462; baseline -0.004 -14"><span class='ocrx_word' id='word_1_55' title='bbox 335 1388 441 1448; x_wconf 92' lang='lat' dir='ltr'><strong>Palluit</strong></span> <span class='ocrx_word' id='word_1_56' title='bbox 464 1388 571 1462; x_wconf 82' lang='lat' dir='ltr'><strong>audax3</strong></span> 
     </span>
    </p>
   </div>
   <div class='ocr_carea' id='block_1_5' title="bbox 259 1505 928 1821">
    <p class='ocr_par' dir='ltr' id='par_1_11' title="bbox 259 1505 859 1585">
     <span class='ocr_line' id='line_1_14' title="bbox 259 1505 859 1585; baseline -0.002 -19"><span class='ocrx_word' id='word_1_57' title='bbox 259 1507 361 1585; x_wconf 89' lang='lat' dir='ltr'><strong>Nuper</strong></span> <span class='ocrx_word' id='word_1_58' title='bbox 383 1507 413 1567; x_wconf 94' lang='lat' dir='ltr'><strong>in</strong></span> <span class='ocrx_word' id='word_1_59' title='bbox 437 1506 527 1585; x_wconf 90' lang='lat' dir='ltr'><strong>pratis</strong></span> <span class='ocrx_word' id='word_1_60' title='bbox 549 1505 679 1566; x_wconf 89' lang='lat' dir='ltr'><strong>studiosa</strong></span> <span class='ocrx_word' id='word_1_61' title='bbox 701 1505 807 1566; x_wconf 87' lang='lat' dir='ltr'><strong>dorum</strong></span> <span class='ocrx_word' id='word_1_62' title='bbox 830 1514 859 1566; x_wconf 90' lang='lat' dir='ltr'><strong>et</strong></span> 
     </span>
    </p>

    <p class='ocr_par' dir='ltr' id='par_1_12' title="bbox 260 1590 928 1671">
     <span class='ocr_line' id='line_1_15' title="bbox 260 1590 928 1671; baseline -0.004 -19"><span class='ocrx_word' id='word_1_63' title='bbox 260 1590 380 1653; x_wconf 87' lang='lat' dir='ltr'><strong>Debitae</strong></span> <span class='ocrx_word' id='word_1_64' title='bbox 403 1590 544 1671; x_wconf 83' lang='lat' dir='ltr'><strong>Nymphis</strong></span> <span class='ocrx_word' id='word_1_65' title='bbox 567 1590 665 1669; x_wconf 85' lang='lat' dir='ltr'><strong>opifex</strong></span> <span class='ocrx_word' id='word_1_66' title='bbox 688 1608 816 1650; x_wconf 86' lang='lat' dir='ltr'><strong>coronae</strong></span> <span class='ocrx_word' id='word_1_67' title='bbox 922 1603 928 1615; x_wconf 88' lang='lat'><strong>·</strong></span> 
     </span>
    </p>

    <p class='ocr_par' dir='ltr' id='par_1_13' title="bbox 260 1675 850 1821">
     <span class='ocr_line' id='line_1_16' title="bbox 260 1675 850 1754; baseline -0.005 -17"><span class='ocrx_word' id='word_1_68' title='bbox 260 1677 352 1737; x_wconf 83' lang='lat' dir='ltr'><strong>Nocte</strong></span> <span class='ocrx_word' id='word_1_69' title='bbox 374 1675 514 1737; x_wconf 78' lang='lat' dir='ltr'><strong>sublustri</strong></span> <span class='ocrx_word' id='word_1_70' title='bbox 538 1675 611 1735; x_wconf 88' lang='lat' dir='ltr'><strong>nihil</strong></span> <span class='ocrx_word' id='word_1_71' title='bbox 634 1683 710 1735; x_wconf 90' lang='lat' dir='ltr'><strong>astra</strong></span> <span class='ocrx_word' id='word_1_72' title='bbox 733 1683 850 1754; x_wconf 90' lang='lat' dir='ltr'><strong>praeter</strong></span> 
     </span>
     <span class='ocr_line' id='line_1_17' title="bbox 336 1761 589 1821; baseline -0.004 -2"><span class='ocrx_word' id='word_1_73' title='bbox 336 1761 414 1820; x_wconf 88' lang='lat' dir='ltr'><strong>Vidit</strong></span> <span class='ocrx_word' id='word_1_74' title='bbox 436 1771 465 1821; x_wconf 90' lang='lat' dir='ltr'><strong>et</strong></span> <span class='ocrx_word' id='word_1_75' title='bbox 486 1761 589 1820; x_wconf 89' lang='lat' dir='ltr'><strong>undas.</strong></span> 
     </span>
    </p>
   </div>
   <div class='ocr_carea' id='block_1_6' title="bbox 261 1877 885 2192">
    <p class='ocr_par' dir='ltr' id='par_1_14' title="bbox 261 1877 885 2127">
     <span class='ocr_line' id='line_1_18' title="bbox 261 1877 885 1956; baseline -0.003 -17"><span class='ocrx_word' id='word_1_76' title='bbox 261 1879 342 1949; x_wconf 86' lang='lat' dir='ltr'><strong>Quae</strong></span> <span class='ocrx_word' id='word_1_77' title='bbox 364 1878 452 1939; x_wconf 90' lang='lat' dir='ltr'><strong>simul</strong></span> <span class='ocrx_word' id='word_1_78' title='bbox 473 1887 593 1938; x_wconf 87' lang='lat' dir='ltr'><strong>centum</strong></span> <span class='ocrx_word' id='word_1_79' title='bbox 616 1877 710 1956; x_wconf 82' lang='lat' dir='ltr'><strong>tetigit</strong></span> <span class='ocrx_word' id='word_1_80' title='bbox 733 1886 885 1956; x_wconf 89' lang='lat' dir='ltr'><strong>potentem</strong></span> 
     </span>
     <span class='ocr_line' id='line_1_19' title="bbox 261 1954 848 2043; baseline 0.002 -21"><span class='ocrx_word' id='word_1_81' title='bbox 261 1963 384 2043; x_wconf 90' lang='lat' dir='ltr'><strong>Oppidis</strong></span> <span class='ocrx_word' id='word_1_82' title='bbox 407 1961 524 2035; x_wconf 82' lang='lat' dir='ltr'><strong>Creten,</strong></span> <span class='ocrx_word' id='word_1_83' title='bbox 543 1954 649 2041; x_wconf 85' lang='lat' dir='ltr'><strong>‘pater‚</strong></span> <span class='ocrx_word' id='word_1_84' title='bbox 674 1981 690 2021; x_wconf 91' lang='grc' dir='ltr'>ο</span> <span class='ocrx_word' id='word_1_85' title='bbox 714 1962 848 2023; x_wconf 86' lang='lat' dir='ltr'><strong>relietum</strong></span> 
     </span>
     <span class='ocr_line' id='line_1_20' title="bbox 261 2040 762 2127; baseline 0.002 -20"><span class='ocrx_word' id='word_1_86' title='bbox 261 2046 350 2107; x_wconf 85' lang='lat' dir='ltr'><strong>Filiae</strong></span> <span class='ocrx_word' id='word_1_87' title='bbox 374 2065 483 2107; x_wconf 92' lang='lat' dir='ltr'><strong>nomen</strong></span> <span class='ocrx_word' id='word_1_88' title='bbox 507 2040 665 2127; x_wconf 87' lang='lat' dir='ltr'><strong>pietasque&#39;</strong></span> <span class='ocrx_word' id='word_1_89' title='bbox 692 2047 762 2108; x_wconf 87' lang='lat' dir='ltr'><strong>dixit</strong></span> 
     </span>
    </p>

    <p class='ocr_par' dir='ltr' id='par_1_15' title="bbox 335 2124 568 2192">
     <span class='ocr_line' id='line_1_21' title="bbox 335 2124 568 2192; baseline 0.004 -2"><span class='ocrx_word' id='word_1_90' title='bbox 335 2124 431 2191; x_wconf 83' lang='lat' dir='ltr'><strong>‘Victa</strong></span> <span class='ocrx_word' id='word_1_91' title='bbox 453 2132 568 2192; x_wconf 89' lang='lat' dir='ltr'><strong>lurorel</strong></span> 
     </span>
    </p>
   </div>
   <div class='ocr_carea' id='block_1_7' title="bbox 262 2247 895 2583">
    <p class='ocr_par' dir='ltr' id='par_1_16' title="bbox 264 2247 883 2328">
     <span class='ocr_line' id='line_1_22' title="bbox 264 2247 883 2328; baseline 0 -18"><span class='ocrx_word' id='word_1_92' title='bbox 264 2250 348 2311; x_wconf 88' lang='lat' dir='ltr'><strong>Unde</strong></span> <span class='ocrx_word' id='word_1_93' title='bbox 370 2269 429 2328; x_wconf 91' lang='lat' dir='ltr'><strong>quo</strong></span> <span class='ocrx_word' id='word_1_94' title='bbox 453 2247 540 2310; x_wconf 83' lang='lat' dir='ltr'><strong>venil</strong></span> <span class='ocrx_word' id='word_1_95' title='bbox 562 2249 633 2311; x_wconf 88' lang='lat' dir='ltr'><strong>levis</strong></span> <span class='ocrx_word' id='word_1_96' title='bbox 655 2269 714 2310; x_wconf 92' lang='lat' dir='ltr'><strong>nna</strong></span> <span class='ocrx_word' id='word_1_97' title='bbox 736 2269 816 2312; x_wconf 87' lang='lat' dir='ltr'><strong>mors</strong></span> <span class='ocrx_word' id='word_1_98' title='bbox 839 2258 883 2312; x_wconf 89' lang='lat' dir='ltr'><strong>est</strong></span> 
     </span>
    </p>

    <p class='ocr_par' dir='ltr' id='par_1_17' title="bbox 262 2335 872 2416">
     <span class='ocr_line' id='line_1_23' title="bbox 262 2335 872 2416; baseline 0.003 -23"><span class='ocrx_word' id='word_1_99' title='bbox 262 2335 416 2414; x_wconf 85' lang='lat' dir='ltr'><strong>Virginum</strong></span> <span class='ocrx_word' id='word_1_100' title='bbox 439 2335 552 2415; x_wconf 90' lang='lat' dir='ltr'><strong>eulpae.</strong></span> <span class='ocrx_word' id='word_1_101' title='bbox 598 2335 766 2414; x_wconf 85' lang='lat' dir='ltr'><strong>Vigilansne</strong></span> <span class='ocrx_word' id='word_1_102' title='bbox 789 2335 872 2416; x_wconf 91' lang='lat' dir='ltr'><strong>ploro</strong></span> 
     </span>
    </p>

    <p class='ocr_par' dir='ltr' id='par_1_18' title="bbox 263 2420 895 2583">
     <span class='ocr_line' id='line_1_24' title="bbox 263 2420 895 2500; baseline 0 -21"><span class='ocrx_word' id='word_1_103' title='bbox 263 2420 362 2500; x_wconf 86' lang='lat' dir='ltr'><strong>Turpe</strong></span> <span class='ocrx_word' id='word_1_104' title='bbox 385 2421 565 2481; x_wconf 83' lang='lat' dir='ltr'><strong>conmissum</strong></span> <span class='ocrx_word' id='word_1_105' title='bbox 587 2439 624 2480; x_wconf 93' lang='lat' dir='ltr'><strong>an</strong></span> <span class='ocrx_word' id='word_1_106' title='bbox 648 2420 723 2481; x_wconf 89' lang='lat' dir='ltr'><strong>vitiis</strong></span> <span class='ocrx_word' id='word_1_107' title='bbox 746 2429 895 2481; x_wconf 86' lang='lat' dir='ltr'><strong>carentem</strong></span> 
     </span>
     <span class='ocr_line' id='line_1_25' title="bbox 340 2504 544 2583; baseline 0 -18"><span class='ocrx_word' id='word_1_108' title='bbox 340 2504 428 2565; x_wconf 91' lang='lat' dir='ltr'><strong>Ludit</strong></span> <span class='ocrx_word' id='word_1_109' title='bbox 449 2505 544 2583; x_wconf 86' lang='lat' dir='ltr'><strong>imago</strong></span> 
     </span>
    </p>
   </div>
   <div class='ocr_carea' id='block_1_8' title="bbox 263 2622 844 2956">
    <p class='ocr_par' dir='ltr' id='par_1_19' title="bbox 263 2622 844 2703">
     <span class='ocr_line' id='line_1_26' title="bbox 263 2622 844 2703; baseline 0.003 -23"><span class='ocrx_word' id='word_1_110' title='bbox 263 2622 351 2697; x_wconf 90' lang='lat' dir='ltr'><strong>Vana,</strong></span> <span class='ocrx_word' id='word_1_111' title='bbox 375 2640 461 2701; x_wconf 90' lang='lat' dir='ltr'><strong>quam</strong></span> <span class='ocrx_word' id='word_1_112' title='bbox 483 2632 569 2703; x_wconf 89' lang='lat' dir='ltr'><strong>porta</strong></span> <span class='ocrx_word' id='word_1_113' title='bbox 591 2623 708 2700; x_wconf 84' lang='lat' dir='ltr'><strong>fugiens</strong></span> <span class='ocrx_word' id='word_1_114' title='bbox 731 2622 844 2683; x_wconf 89' lang='lat' dir='ltr'><strong>eburna</strong></span> 
     </span>
    </p>

    <p class='ocr_par' dir='ltr' id='par_1_20' title="bbox 263 2705 839 2768">
     <span class='ocr_line' id='line_1_27' title="bbox 263 2705 839 2768; baseline -0.002 0"><span class='ocrx_word' id='word_1_115' title='bbox 263 2708 417 2768; x_wconf 88' lang='lat' dir='ltr'><strong>Somnium</strong></span> <span class='ocrx_word' id='word_1_116' title='bbox 440 2705 542 2768; x_wconf 75' lang='lat' dir='ltr'><strong>ducit‘l</strong></span> <span class='ocrx_word' id='word_1_117' title='bbox 565 2707 710 2768; x_wconf 91' lang='lat' dir='ltr'><strong>meliusne</strong></span> <span class='ocrx_word' id='word_1_118' title='bbox 732 2708 839 2768; x_wconf 84' lang='lat' dir='ltr'><strong>fluetus</strong></span> 
     </span>
    </p>

    <p class='ocr_par' dir='ltr' id='par_1_21' title="bbox 263 2792 801 2956">
     <span class='ocr_line' id='line_1_28' title="bbox 263 2792 801 2872; baseline 0 -21"><span class='ocrx_word' id='word_1_119' title='bbox 263 2792 309 2853; x_wconf 93' lang='lat' dir='ltr'><strong>lre</strong></span> <span class='ocrx_word' id='word_1_120' title='bbox 332 2811 386 2872; x_wconf 93' lang='lat' dir='ltr'><strong>per</strong></span> <span class='ocrx_word' id='word_1_121' title='bbox 409 2793 514 2872; x_wconf 83' lang='lat' dir='ltr'><strong>longos</strong></span> <span class='ocrx_word' id='word_1_122' title='bbox 536 2792 591 2852; x_wconf 89' lang='lat' dir='ltr'><strong>luit</strong></span> <span class='ocrx_word' id='word_1_123' title='bbox 612 2810 649 2851; x_wconf 94' lang='lat' dir='ltr'><strong>an</strong></span> <span class='ocrx_word' id='word_1_124' title='bbox 673 2793 801 2852; x_wconf 83' lang='lat' dir='ltr'><strong>recentis</strong></span> 
     </span>
     <span class='ocr_line' id='line_1_29' title="bbox 340 2874 601 2956; baseline -0.004 -19"><span class='ocrx_word' id='word_1_125' title='bbox 340 2877 468 2956; x_wconf 83' lang='lat' dir='ltr'><strong>Carpere</strong></span> <span class='ocrx_word' id='word_1_126' title='bbox 490 2874 601 2938; x_wconf 84' lang='lat' dir='ltr'><strong>llores‘l</strong></span> 
     </span>
    </p>
   </div>
   <div class='ocr_carea' id='block_1_9' title="bbox 191 2995 899 3309">
    <p class='ocr_par' dir='ltr' id='par_1_22' title="bbox 191 2995 899 3241">
     <span class='ocr_line' id='line_1_30' title="bbox 191 2995 899 3072; baseline -0.003 -16"><span class='ocrx_word' id='word_1_127' title='bbox 191 3006 220 3056; x_wconf 79' lang='lat'><strong>45</strong></span> <span class='ocrx_word' id='word_1_128' title='bbox 264 2995 363 3072; x_wconf 91' lang='lat' dir='ltr'><strong>Siquis</strong></span> <span class='ocrx_word' id='word_1_129' title='bbox 385 2996 525 3055; x_wconf 80' lang='lat' dir='ltr'><strong>infamem</strong></span> <span class='ocrx_word' id='word_1_130' title='bbox 546 2995 616 3054; x_wconf 87' lang='lat' dir='ltr'><strong>mihi</strong></span> <span class='ocrx_word' id='word_1_131' title='bbox 640 3014 720 3056; x_wconf 88' lang='lat' dir='ltr'><strong>nuno</strong></span> <span class='ocrx_word' id='word_1_132' title='bbox 743 2995 899 3056; x_wconf 87' lang='lat' dir='ltr'><strong>iuvencum</strong></span> 
     </span>
     <span class='ocr_line' id='line_1_31' title="bbox 263 3080 784 3153; baseline 0 -14"><span class='ocrx_word' id='word_1_133' title='bbox 263 3080 356 3139; x_wconf 82' lang='lat' dir='ltr'><strong>lledat</strong></span> <span class='ocrx_word' id='word_1_134' title='bbox 378 3080 477 3153; x_wconf 89' lang='lat' dir='ltr'><strong>iratae,</strong></span> <span class='ocrx_word' id='word_1_135' title='bbox 501 3081 630 3140; x_wconf 83' lang='lat' dir='ltr'><strong>lacerare</strong></span> <span class='ocrx_word' id='word_1_136' title='bbox 652 3080 730 3140; x_wconf 89' lang='lat' dir='ltr'><strong>lerro</strong></span> <span class='ocrx_word' id='word_1_137' title='bbox 754 3088 784 3139; x_wconf 92' lang='lat' dir='ltr'><strong>et</strong></span> 
     </span>
     <span class='ocr_line' id='line_1_32' title="bbox 263 3163 895 3241; baseline -0.002 -18"><span class='ocrx_word' id='word_1_138' title='bbox 263 3163 412 3241; x_wconf 87' lang='lat' dir='ltr'><strong>Frangere</strong></span> <span class='ocrx_word' id='word_1_139' title='bbox 435 3165 530 3224; x_wconf 91' lang='lat' dir='ltr'><strong>enitar</strong></span> <span class='ocrx_word' id='word_1_140' title='bbox 552 3164 639 3224; x_wconf 91' lang='lat' dir='ltr'><strong>modo</strong></span> <span class='ocrx_word' id='word_1_141' title='bbox 662 3164 786 3224; x_wconf 92' lang='lat' dir='ltr'><strong>multum</strong></span> <span class='ocrx_word' id='word_1_142' title='bbox 809 3164 895 3223; x_wconf 89' lang='lat' dir='ltr'><strong>amati</strong></span> 
     </span>
    </p>

    <p class='ocr_par' dir='ltr' id='par_1_23' title="bbox 341 3247 613 3309">
     <span class='ocr_line' id='line_1_33' title="bbox 341 3247 613 3309; baseline -0.004 -2"><span class='ocrx_word' id='word_1_143' title='bbox 341 3247 457 3308; x_wconf 88' lang='lat' dir='ltr'><strong>Cornua</strong></span> <span class='ocrx_word' id='word_1_144' title='bbox 479 3249 613 3309; x_wconf 86' lang='lat' dir='ltr'><strong>monstri.</strong></span> 
     </span>
    </p>
   </div>
   <div class='ocr_carea' id='block_1_10' title="bbox 192 3363 927 3682">
    <p class='ocr_par' dir='ltr' id='par_1_24' title="bbox 192 3363 927 3682">
     <span class='ocr_line' id='line_1_34' title="bbox 266 3363 802 3444; baseline 0.006 -22"><span class='ocrx_word' id='word_1_145' title='bbox 266 3363 425 3443; x_wconf 87' lang='lat' dir='ltr'><strong>lmpudens</strong></span> <span class='ocrx_word' id='word_1_146' title='bbox 448 3365 519 3443; x_wconf 91' lang='lat' dir='ltr'><strong>liqui</strong></span> <span class='ocrx_word' id='word_1_147' title='bbox 543 3365 654 3444; x_wconf 89' lang='lat' dir='ltr'><strong>patrios</strong></span> <span class='ocrx_word' id='word_1_148' title='bbox 677 3365 802 3439; x_wconf 87' lang='lat' dir='ltr'><strong>Penatis,</strong></span> 
     </span>
     <span class='ocr_line' id='line_1_35' title="bbox 192 3449 904 3528; baseline 0.003 -20"><span class='ocrx_word' id='word_1_149' title='bbox 192 3459 221 3508; x_wconf 82' lang='lat'><strong>50</strong></span> <span class='ocrx_word' id='word_1_150' title='bbox 264 3449 424 3528; x_wconf 93' lang='lat' dir='ltr'><strong>Impudens</strong></span> <span class='ocrx_word' id='word_1_151' title='bbox 447 3450 557 3511; x_wconf 85' lang='lat' dir='ltr'><strong>Oreum</strong></span> <span class='ocrx_word' id='word_1_152' title='bbox 580 3469 689 3510; x_wconf 88' lang='lat' dir='ltr'><strong>moror.</strong></span> <span class='ocrx_word' id='word_1_153' title='bbox 734 3450 757 3511; x_wconf 85' lang='lat'>0</span> <span class='ocrx_word' id='word_1_154' title='bbox 781 3451 904 3510; x_wconf 91' lang='lat' dir='ltr'><strong>deorum</strong></span> 
     </span>
     <span class='ocr_line' id='line_1_36' title="bbox 266 3534 927 3613; baseline -0.003 -18"><span class='ocrx_word' id='word_1_155' title='bbox 266 3534 365 3613; x_wconf 85' lang='lat' dir='ltr'><strong>Siquis</strong></span> <span class='ocrx_word' id='word_1_156' title='bbox 386 3535 458 3597; x_wconf 88' lang='lat' dir='ltr'><strong>haee</strong></span> <span class='ocrx_word' id='word_1_157' title='bbox 480 3535 572 3609; x_wconf 90' lang='lat' dir='ltr'><strong>audis,</strong></span> <span class='ocrx_word' id='word_1_158' title='bbox 596 3536 708 3596; x_wconf 93' lang='lat' dir='ltr'><strong>utinam</strong></span> <span class='ocrx_word' id='word_1_159' title='bbox 731 3535 808 3596; x_wconf 89' lang='lat' dir='ltr'><strong>inter</strong></span> <span class='ocrx_word' id='word_1_160' title='bbox 831 3553 927 3594; x_wconf 90' lang='lat' dir='ltr'><strong>errem</strong></span> 
     </span>
     <span class='ocr_line' id='line_1_37' title="bbox 341 3620 560 3682; baseline 0 -2"><span class='ocrx_word' id='word_1_161' title='bbox 341 3620 422 3682; x_wconf 89' lang='lat' dir='ltr'><strong>Nuda</strong></span> <span class='ocrx_word' id='word_1_162' title='bbox 445 3621 560 3682; x_wconf 86' lang='lat' dir='ltr'><strong>leonesl</strong></span> 
     </span>
    </p>
   </div>
   <div class='ocr_carea' id='block_1_11' title="bbox 225 3886 1074 3956">
    <p class='ocr_par' dir='ltr' id='par_1_25' title="bbox 225 3886 1074 3956">
     <span class='ocr_line' id='line_1_38' title="bbox 225 3886 1074 3956; baseline 0.001 -18"><span class='ocrx_word' id='word_1_163' title='bbox 225 3886 315 3940; x_wconf 85' lang='lat' dir='ltr'><strong>xxvll</strong></span> <span class='ocrx_word' id='word_1_164' title='bbox 333 3905 357 3940; x_wconf 87' lang='lat' dir='ltr'><strong>o.</strong></span> <span class='ocrx_word' id='word_1_165' title='bbox 377 3890 408 3941; x_wconf 81' lang='lat'><strong>38</strong></span> <span class='ocrx_word' id='word_1_166' title='bbox 427 3888 520 3956; x_wconf 72' lang='lat' dir='ltr'><strong>eulpa!</strong></span> <span class='ocrx_word' id='word_1_167' title='bbox 541 3892 571 3941; x_wconf 80' lang='lat' dir='ltr'><strong>ll</strong></span> <span class='ocrx_word' id='word_1_168' title='bbox 592 3893 677 3956; x_wconf 89' lang='lat' dir='ltr'><strong>quam]</strong></span> <span class='ocrx_word' id='word_1_169' title='bbox 696 3889 838 3940; x_wconf 85' lang='lat' dir='ltr'><strong>Sanadon:</strong></span> <span class='ocrx_word' id='word_1_170' title='bbox 857 3904 922 3956; x_wconf 88' lang='lat' dir='ltr'><strong>quae</strong></span> <span class='ocrx_word' id='word_1_171' title='bbox 938 3889 942 3956; x_wconf 85' lang='grc' dir='ltr'>Ι</span> <span class='ocrx_word' id='word_1_172' title='bbox 958 3892 990 3941; x_wconf 81' lang='lat'><strong>48</strong></span> <span class='ocrx_word' id='word_1_173' title='bbox 1008 3888 1074 3940; x_wconf 86' lang='lat' dir='ltr'><strong>tauri</strong></span> 
     </span>
    </p>
   </div>
   <div class='ocr_carea' id='block_1_12' title="bbox 0 0 1345 4448">
    <p class='ocr_par' dir='ltr' id='par_1_26' title="bbox 0 0 1345 4448">
     <span class='ocr_line' id='line_1_39' title="bbox 0 0 1345 4448; baseline 0 0"><span class='ocrx_word' id='word_1_174' title='bbox 0 0 1345 4448; x_wconf 95' lang='lat' dir='ltr'><strong> </strong></span> 
     </span>
    </p>
   </div>
  </div>
 </body>
</html>
