<?xml version="1.0" encoding="UTF-8"?>
<!DOCTYPE html PUBLIC "-//W3C//DTD XHTML 1.0 Transitional//EN"
    "http://www.w3.org/TR/xhtml1/DTD/xhtml1-transitional.dtd">
<html xmlns="http://www.w3.org/1999/xhtml" xml:lang="en" lang="en">
 <head>
  <title>
</title>
<meta http-equiv="Content-Type" content="text/html;charset=utf-8" />
  <meta name='ocr-system' content='tesseract 3.04.00' />
  <meta name='ocr-capabilities' content='ocr_page ocr_carea ocr_par ocr_line ocrx_word'/>
</head>
<body>
  <div class='ocr_page' id='page_1' title='image "./qhoratiiflaccic02hertgoog_0107.png"; bbox 0 0 2656 4448; ppageno 0'>
   <div class='ocr_carea' id='block_1_1' title="bbox 126 217 833 278">
    <p class='ocr_par' dir='ltr' id='par_1_1' title="bbox 126 217 833 278">
     <span class='ocr_line' id='line_1_1' title="bbox 126 217 833 278; baseline 0.006 -4"><span class='ocrx_word' id='word_1_1' title='bbox 126 217 167 275; x_wconf 89' lang='grc'>96</span> <span class='ocrx_word' id='word_1_2' title='bbox 488 221 659 275; x_wconf 78' lang='lat' dir='ltr'>cnRMtNUnt</span> <span class='ocrx_word' id='word_1_3' title='bbox 677 223 711 276; x_wconf 81' lang='lat' dir='ltr'>tv</span> <span class='ocrx_word' id='word_1_4' title='bbox 731 227 771 278; x_wconf 81' lang='lat'>13.</span> <span class='ocrx_word' id='word_1_5' title='bbox 793 229 833 278; x_wconf 75' lang='lat'>14.</span> 
     </span>
    </p>
   </div>
   <div class='ocr_carea' id='block_1_2' title="bbox 195 392 839 730">
    <p class='ocr_par' dir='ltr' id='par_1_2' title="bbox 195 392 839 730">
     <span class='ocr_line' id='line_1_2' title="bbox 195 392 839 476; baseline 0.008 -23"><span class='ocrx_word' id='word_1_6' title='bbox 195 405 210 453; x_wconf 82' lang='lat'>5</span> <span class='ocrx_word' id='word_1_7' title='bbox 253 392 291 454; x_wconf 87' lang='lat' dir='ltr'>Et</span> <span class='ocrx_word' id='word_1_8' title='bbox 312 403 399 454; x_wconf 89' lang='lat' dir='ltr'>cantu</span> <span class='ocrx_word' id='word_1_9' title='bbox 424 395 550 454; x_wconf 86' lang='lat' dir='ltr'>tremulo</span> <span class='ocrx_word' id='word_1_10' title='bbox 572 405 641 474; x_wconf 97' lang='lat' dir='ltr'>pota</span> <span class='ocrx_word' id='word_1_11' title='bbox 665 397 839 476; x_wconf 83' lang='lat' dir='ltr'>Cupidinem</span> 
     </span>
     <span class='ocr_line' id='line_1_3' title="bbox 254 477 823 543; baseline 0.011 -6"><span class='ocrx_word' id='word_1_12' title='bbox 254 477 380 540; x_wconf 89' lang='lat' dir='ltr'>Lentum</span> <span class='ocrx_word' id='word_1_13' title='bbox 404 479 555 540; x_wconf 88' lang='lat' dir='ltr'>sollicitas:</span> <span class='ocrx_word' id='word_1_14' title='bbox 579 480 627 541; x_wconf 88' lang='lat' dir='ltr'>ille</span> <span class='ocrx_word' id='word_1_15' title='bbox 650 482 771 543; x_wconf 88' lang='lat' dir='ltr'>virentis</span> <span class='ocrx_word' id='word_1_16' title='bbox 793 492 823 543; x_wconf 85' lang='lat' dir='ltr'>et</span> 
     </span>
     <span class='ocr_line' id='line_1_4' title="bbox 300 563 665 643; baseline 0.005 -20"><span class='ocrx_word' id='word_1_17' title='bbox 300 563 408 624; x_wconf 77' lang='lat' dir='ltr'>Doctae</span> <span class='ocrx_word' id='word_1_18' title='bbox 431 565 555 643; x_wconf 88' lang='lat' dir='ltr'>psallere</span> <span class='ocrx_word' id='word_1_19' title='bbox 578 564 665 626; x_wconf 83' lang='lat' dir='ltr'>Chiae</span> 
     </span>
     <span class='ocr_line' id='line_1_5' title="bbox 350 649 806 730; baseline 0.009 -22"><span class='ocrx_word' id='word_1_20' title='bbox 350 649 484 710; x_wconf 81' lang='lat' dir='ltr'>Pulchris</span> <span class='ocrx_word' id='word_1_21' title='bbox 506 650 630 710; x_wconf 78' lang='lat' dir='ltr'>excubat</span> <span class='ocrx_word' id='word_1_22' title='bbox 654 651 683 711; x_wconf 91' lang='lat' dir='ltr'>in</span> <span class='ocrx_word' id='word_1_23' title='bbox 707 651 806 730; x_wconf 82' lang='lat' dir='ltr'>genis;</span> 
     </span>
    </p>
   </div>
   <div class='ocr_carea' id='block_1_3' title="bbox 184 768 851 1101">
    <p class='ocr_par' dir='ltr' id='par_1_3' title="bbox 184 768 851 1101">
     <span class='ocr_line' id='line_1_6' title="bbox 254 768 851 846; baseline 0.005 -19"><span class='ocrx_word' id='word_1_24' title='bbox 254 768 447 846; x_wconf 91' lang='lat' dir='ltr'>lmportunus</span> <span class='ocrx_word' id='word_1_25' title='bbox 469 769 547 828; x_wconf 88' lang='lat' dir='ltr'>enim</span> <span class='ocrx_word' id='word_1_26' title='bbox 571 770 732 830; x_wconf 88' lang='lat' dir='ltr'>transvolat</span> <span class='ocrx_word' id='word_1_27' title='bbox 753 770 851 831; x_wconf 88' lang='lat' dir='ltr'>aridas</span> 
     </span>
     <span class='ocr_line' id='line_1_7' title="bbox 184 851 830 932; baseline 0.002 -18"><span class='ocrx_word' id='word_1_28' title='bbox 184 865 211 914; x_wconf 86' lang='lat'>10</span> <span class='ocrx_word' id='word_1_29' title='bbox 255 851 390 922; x_wconf 85' lang='lat' dir='ltr'>Quercus</span> <span class='ocrx_word' id='word_1_30' title='bbox 412 861 441 913; x_wconf 88' lang='lat' dir='ltr'>et</span> <span class='ocrx_word' id='word_1_31' title='bbox 462 852 570 931; x_wconf 81' lang='lat' dir='ltr'>refugit</span> <span class='ocrx_word' id='word_1_32' title='bbox 592 863 630 926; x_wconf 82' lang='lat' dir='ltr'>te,</span> <span class='ocrx_word' id='word_1_33' title='bbox 653 856 721 932; x_wconf 87' lang='lat' dir='ltr'>qnia</span> <span class='ocrx_word' id='word_1_34' title='bbox 742 855 830 915; x_wconf 92' lang='lat' dir='ltr'>luridi</span> 
     </span>
     <span class='ocr_line' id='line_1_8' title="bbox 299 937 673 1018; baseline 0.003 -22"><span class='ocrx_word' id='word_1_35' title='bbox 299 937 409 997; x_wconf 79' lang='lat' dir='ltr'>Dentes</span> <span class='ocrx_word' id='word_1_36' title='bbox 431 946 469 1010; x_wconf 90' lang='lat' dir='ltr'>te,</span> <span class='ocrx_word' id='word_1_37' title='bbox 493 938 560 1015; x_wconf 87' lang='lat' dir='ltr'>quia</span> <span class='ocrx_word' id='word_1_38' title='bbox 583 956 673 1018; x_wconf 80' lang='lat' dir='ltr'>rugae</span> 
     </span>
     <span class='ocr_line' id='line_1_9' title="bbox 351 1021 776 1101; baseline 0.005 -21"><span class='ocrx_word' id='word_1_39' title='bbox 351 1021 487 1100; x_wconf 89' lang='lat' dir='ltr'>Turpant</span> <span class='ocrx_word' id='word_1_40' title='bbox 508 1030 538 1082; x_wconf 86' lang='lat' dir='ltr'>et</span> <span class='ocrx_word' id='word_1_41' title='bbox 560 1023 663 1101; x_wconf 89' lang='lat' dir='ltr'>capitis</span> <span class='ocrx_word' id='word_1_42' title='bbox 686 1023 776 1084; x_wconf 86' lang='lat' dir='ltr'>nives.</span> 
     </span>
    </p>
   </div>
   <div class='ocr_carea' id='block_1_4' title="bbox 186 1139 903 1456">
    <p class='ocr_par' dir='ltr' id='par_1_4' title="bbox 186 1139 903 1456">
     <span class='ocr_line' id='line_1_10' title="bbox 253 1139 900 1221; baseline 0.005 -22"><span class='ocrx_word' id='word_1_43' title='bbox 253 1139 314 1200; x_wconf 88' lang='lat' dir='ltr'>Nec</span> <span class='ocrx_word' id='word_1_44' title='bbox 337 1141 412 1202; x_wconf 82' lang='lat' dir='ltr'>Coae</span> <span class='ocrx_word' id='word_1_45' title='bbox 434 1142 569 1201; x_wconf 86' lang='lat' dir='ltr'>relerunt</span> <span class='ocrx_word' id='word_1_46' title='bbox 597 1141 651 1200; x_wconf 92' lang='lat' dir='ltr'>iam</span> <span class='ocrx_word' id='word_1_47' title='bbox 675 1141 728 1202; x_wconf 90' lang='lat' dir='ltr'>tibi</span> <span class='ocrx_word' id='word_1_48' title='bbox 751 1159 900 1221; x_wconf 87' lang='lat' dir='ltr'>purpurae</span> 
     </span>
     <span class='ocr_line' id='line_1_11' title="bbox 253 1225 903 1305; baseline 0.003 -21"><span class='ocrx_word' id='word_1_49' title='bbox 253 1225 313 1285; x_wconf 84' lang='lat' dir='ltr'>Nec</span> <span class='ocrx_word' id='word_1_50' title='bbox 335 1227 395 1286; x_wconf 92' lang='lat' dir='ltr'>cari</span> <span class='ocrx_word' id='word_1_51' title='bbox 418 1226 528 1304; x_wconf 86' lang='lat' dir='ltr'>lapides</span> <span class='ocrx_word' id='word_1_52' title='bbox 550 1235 693 1305; x_wconf 88' lang='lat' dir='ltr'>tempora,</span> <span class='ocrx_word' id='word_1_53' title='bbox 716 1246 791 1305; x_wconf 87' lang='lat' dir='ltr'>quac</span> <span class='ocrx_word' id='word_1_54' title='bbox 813 1226 903 1288; x_wconf 86' lang='lat' dir='ltr'>semel</span> 
     </span>
     <span class='ocr_line' id='line_1_12' title="bbox 186 1309 625 1371; baseline 0.002 -1"><span class='ocrx_word' id='word_1_55' title='bbox 186 1320 214 1370; x_wconf 75' lang='lat'>15</span> <span class='ocrx_word' id='word_1_56' title='bbox 299 1309 382 1371; x_wconf 88' lang='lat' dir='ltr'>Notis</span> <span class='ocrx_word' id='word_1_57' title='bbox 405 1311 521 1370; x_wconf 91' lang='lat' dir='ltr'>condita</span> <span class='ocrx_word' id='word_1_58' title='bbox 544 1311 625 1371; x_wconf 85' lang='lat' dir='ltr'>fastis</span> 
     </span>
     <span class='ocr_line' id='line_1_13' title="bbox 351 1395 715 1456; baseline -0.005 -1"><span class='ocrx_word' id='word_1_59' title='bbox 351 1395 473 1455; x_wconf 75' lang='lat' dir='ltr'>inclusit</span> <span class='ocrx_word' id='word_1_60' title='bbox 495 1395 622 1456; x_wconf 87' lang='lat' dir='ltr'>volucris</span> <span class='ocrx_word' id='word_1_61' title='bbox 645 1397 715 1456; x_wconf 87' lang='lat' dir='ltr'>dies.</span> 
     </span>
    </p>
   </div>
   <div class='ocr_carea' id='block_1_5' title="bbox 182 1510 1017 1848">
    <p class='ocr_par' dir='ltr' id='par_1_5' title="bbox 182 1510 1017 1848">
     <span class='ocr_line' id='line_1_14' title="bbox 255 1510 1017 1592; baseline -0.001 -19"><span class='ocrx_word' id='word_1_62' title='bbox 255 1512 320 1583; x_wconf 87' lang='lat' dir='ltr'>Quo</span> <span class='ocrx_word' id='word_1_63' title='bbox 343 1515 418 1592; x_wconf 83' lang='lat' dir='ltr'>sugit</span> <span class='ocrx_word' id='word_1_64' title='bbox 440 1514 549 1587; x_wconf 83' lang='lat' dir='ltr'>Venus,</span> <span class='ocrx_word' id='word_1_65' title='bbox 572 1515 639 1587; x_wconf 89' lang='lat' dir='ltr'>heu,</span> <span class='ocrx_word' id='word_1_66' title='bbox 663 1532 758 1591; x_wconf 89' lang='lat' dir='ltr'>quove</span> <span class='ocrx_word' id='word_1_67' title='bbox 779 1510 884 1574; x_wconf 78' lang='lat' dir='ltr'>color?</span> <span class='ocrx_word' id='word_1_68' title='bbox 907 1513 1017 1573; x_wconf 85' lang='lat' dir='ltr'>decens</span> 
     </span>
     <span class='ocr_line' id='line_1_15' title="bbox 254 1597 892 1676; baseline -0.002 -18"><span class='ocrx_word' id='word_1_69' title='bbox 254 1597 320 1668; x_wconf 85' lang='lat' dir='ltr'>Quo</span> <span class='ocrx_word' id='word_1_70' title='bbox 344 1597 465 1659; x_wconf 85' lang='lat' dir='ltr'>motus?</span> <span class='ocrx_word' id='word_1_71' title='bbox 489 1599 558 1676; x_wconf 87' lang='lat' dir='ltr'>quid</span> <span class='ocrx_word' id='word_1_72' title='bbox 581 1598 672 1659; x_wconf 88' lang='lat' dir='ltr'>habes</span> <span class='ocrx_word' id='word_1_73' title='bbox 694 1598 783 1672; x_wconf 82' lang='lat' dir='ltr'>itlius,</span> <span class='ocrx_word' id='word_1_74' title='bbox 806 1598 892 1670; x_wconf 92' lang='lat' dir='ltr'>illius,</span> 
     </span>
     <span class='ocr_line' id='line_1_16' title="bbox 301 1682 680 1763; baseline 0 -19"><span class='ocrx_word' id='word_1_75' title='bbox 301 1682 383 1753; x_wconf 85' lang='lat' dir='ltr'>Quae</span> <span class='ocrx_word' id='word_1_76' title='bbox 405 1683 535 1763; x_wconf 90' lang='lat' dir='ltr'>spirabat</span> <span class='ocrx_word' id='word_1_77' title='bbox 556 1701 680 1757; x_wconf 85' lang='lat' dir='ltr'>amores,</span> 
     </span>
     <span class='ocr_line' id='line_1_17' title="bbox 182 1767 785 1848; baseline -0.005 -19"><span class='ocrx_word' id='word_1_78' title='bbox 182 1779 210 1829; x_wconf 78' lang='lat'>20</span> <span class='ocrx_word' id='word_1_79' title='bbox 352 1769 434 1839; x_wconf 85' lang='lat' dir='ltr'>Quae</span> <span class='ocrx_word' id='word_1_80' title='bbox 456 1787 503 1828; x_wconf 87' lang='lat' dir='ltr'>me</span> <span class='ocrx_word' id='word_1_81' title='bbox 525 1776 682 1848; x_wconf 88' lang='lat' dir='ltr'>surpuerat</span> <span class='ocrx_word' id='word_1_82' title='bbox 704 1767 785 1839; x_wconf 91' lang='lat' dir='ltr'>mihi,</span> 
     </span>
    </p>
   </div>
   <div class='ocr_carea' id='block_1_6' title="bbox 254 1884 954 2218">
    <p class='ocr_par' dir='ltr' id='par_1_6' title="bbox 254 1884 954 2218">
     <span class='ocr_line' id='line_1_18' title="bbox 254 1884 923 1965; baseline -0.003 -20"><span class='ocrx_word' id='word_1_83' title='bbox 254 1886 335 1946; x_wconf 81' lang='lat' dir='ltr'>Felix</span> <span class='ocrx_word' id='word_1_84' title='bbox 357 1896 425 1965; x_wconf 88' lang='lat' dir='ltr'>post</span> <span class='ocrx_word' id='word_1_85' title='bbox 447 1886 591 1958; x_wconf 87' lang='lat' dir='ltr'>Cinaram,</span> <span class='ocrx_word' id='word_1_86' title='bbox 615 1894 743 1964; x_wconf 84' lang='lat' dir='ltr'>notaque</span> <span class='ocrx_word' id='word_1_87' title='bbox 766 1893 795 1944; x_wconf 89' lang='lat' dir='ltr'>et</span> <span class='ocrx_word' id='word_1_88' title='bbox 817 1884 923 1945; x_wconf 93' lang='lat' dir='ltr'>artium</span> 
     </span>
     <span class='ocr_line' id='line_1_19' title="bbox 255 1968 954 2031; baseline -0.003 -1"><span class='ocrx_word' id='word_1_89' title='bbox 255 1970 408 2031; x_wconf 90' lang='lat' dir='ltr'>Gratarnm</span> <span class='ocrx_word' id='word_1_90' title='bbox 431 1968 543 2030; x_wconf 83' lang='lat' dir='ltr'>lacios?</span> <span class='ocrx_word' id='word_1_91' title='bbox 567 1970 689 2030; x_wconf 88' lang='lat' dir='ltr'>-Sed</span> <span class='ocrx_word' id='word_1_92' title='bbox 712 1969 835 2031; x_wconf 89' lang='lat' dir='ltr'>Cinarae</span> <span class='ocrx_word' id='word_1_93' title='bbox 858 1968 954 2029; x_wconf 88' lang='lat' dir='ltr'>brevis</span> 
     </span>
     <span class='ocr_line' id='line_1_20' title="bbox 300 2055 660 2127; baseline -0.006 -11"><span class='ocrx_word' id='word_1_94' title='bbox 300 2058 403 2116; x_wconf 73' lang='lat' dir='ltr'>Annos</span> <span class='ocrx_word' id='word_1_95' title='bbox 425 2057 482 2116; x_wconf 89' lang='lat' dir='ltr'>lata</span> <span class='ocrx_word' id='word_1_96' title='bbox 506 2055 660 2127; x_wconf 89' lang='lat' dir='ltr'>dederunt,</span> 
     </span>
     <span class='ocr_line' id='line_1_21' title="bbox 352 2140 703 2218; baseline -0.003 -18"><span class='ocrx_word' id='word_1_97' title='bbox 352 2140 507 2201; x_wconf 86' lang='lat' dir='ltr'>Servatura</span> <span class='ocrx_word' id='word_1_98' title='bbox 530 2140 580 2199; x_wconf 92' lang='lat' dir='ltr'>diu</span> <span class='ocrx_word' id='word_1_99' title='bbox 602 2158 703 2218; x_wconf 91' lang='lat' dir='ltr'>parem</span> 
     </span>
    </p>
   </div>
   <div class='ocr_carea' id='block_1_7' title="bbox 182 2258 858 2592">
    <p class='ocr_par' dir='ltr' id='par_1_7' title="bbox 182 2258 858 2592">
     <span class='ocr_line' id='line_1_22' title="bbox 182 2258 858 2337; baseline -0.003 -17"><span class='ocrx_word' id='word_1_100' title='bbox 182 2270 210 2320; x_wconf 77' lang='lat'>25</span> <span class='ocrx_word' id='word_1_101' title='bbox 254 2259 387 2321; x_wconf 89' lang='lat' dir='ltr'>Cornicis</span> <span class='ocrx_word' id='word_1_102' title='bbox 410 2259 522 2320; x_wconf 87' lang='lat' dir='ltr'>vetulae</span> <span class='ocrx_word' id='word_1_103' title='bbox 544 2258 727 2337; x_wconf 87' lang='lat' dir='ltr'>temporibus</span> <span class='ocrx_word' id='word_1_104' title='bbox 748 2258 858 2337; x_wconf 83' lang='lat' dir='ltr'>Lycen,</span> 
     </span>
     <span class='ocr_line' id='line_1_23' title="bbox 254 2343 817 2405; baseline -0.004 -1"><span class='ocrx_word' id='word_1_105' title='bbox 254 2345 380 2405; x_wconf 88' lang='lat' dir='ltr'>Possent</span> <span class='ocrx_word' id='word_1_106' title='bbox 401 2353 434 2404; x_wconf 91' lang='lat' dir='ltr'>ut</span> <span class='ocrx_word' id='word_1_107' title='bbox 456 2345 576 2404; x_wconf 89' lang='lat' dir='ltr'>iuvenes</span> <span class='ocrx_word' id='word_1_108' title='bbox 598 2344 692 2404; x_wconf 87' lang='lat' dir='ltr'>visere</span> <span class='ocrx_word' id='word_1_109' title='bbox 714 2343 817 2403; x_wconf 88' lang='lat' dir='ltr'>lervidi</span> 
     </span>
     <span class='ocr_line' id='line_1_24' title="bbox 299 2428 647 2490; baseline 0 -1"><span class='ocrx_word' id='word_1_110' title='bbox 299 2428 390 2489; x_wconf 85' lang='lat' dir='ltr'>lllulto</span> <span class='ocrx_word' id='word_1_111' title='bbox 415 2447 476 2489; x_wconf 91' lang='lat' dir='ltr'>non</span> <span class='ocrx_word' id='word_1_112' title='bbox 500 2430 564 2490; x_wconf 87' lang='lat' dir='ltr'>sine</span> <span class='ocrx_word' id='word_1_113' title='bbox 586 2428 647 2489; x_wconf 91' lang='lat' dir='ltr'>risu</span> 
     </span>
     <span class='ocr_line' id='line_1_25' title="bbox 351 2513 816 2592; baseline -0.006 -18"><span class='ocrx_word' id='word_1_114' title='bbox 351 2514 497 2592; x_wconf 89' lang='lat' dir='ltr'>Dilapsam</span> <span class='ocrx_word' id='word_1_115' title='bbox 520 2514 550 2575; x_wconf 94' lang='lat' dir='ltr'>in</span> <span class='ocrx_word' id='word_1_116' title='bbox 574 2513 691 2573; x_wconf 87' lang='lat' dir='ltr'>cineres</span> <span class='ocrx_word' id='word_1_117' title='bbox 713 2514 816 2572; x_wconf 87' lang='lat' dir='ltr'>lacem.</span> 
     </span>
    </p>
   </div>
   <div class='ocr_carea' id='block_1_8' title="bbox 588 2667 740 2676">
    <p class='ocr_par' dir='ltr' id='par_1_8' title="bbox 588 2667 740 2676">
     <span class='ocr_line' id='line_1_26' title="bbox 588 2667 740 2676; baseline -0.007 0"><span class='ocrx_word' id='word_1_118' title='bbox 588 2667 740 2676; x_wconf 74' lang='grc'><em>-.---</em></span> 
     </span>
    </p>
   </div>
   <div class='ocr_carea' id='block_1_9' title="bbox 633 2766 696 2826">
    <p class='ocr_par' dir='ltr' id='par_1_9' title="bbox 633 2766 696 2826">
     <span class='ocr_line' id='line_1_27' title="bbox 633 2766 696 2826; baseline -0.048 0"><span class='ocrx_word' id='word_1_119' title='bbox 633 2766 696 2826; x_wconf 79' lang='lat' dir='ltr'>xlv</span> 
     </span>
    </p>
   </div>
   <div class='ocr_carea' id='block_1_10' title="bbox 253 2883 881 3217">
    <p class='ocr_par' dir='ltr' id='par_1_10' title="bbox 253 2883 881 3217">
     <span class='ocr_line' id='line_1_28' title="bbox 253 2883 881 2964; baseline -0.011 -17"><span class='ocrx_word' id='word_1_120' title='bbox 253 2886 334 2956; x_wconf 84' lang='lat' dir='ltr'>Quae</span> <span class='ocrx_word' id='word_1_121' title='bbox 356 2904 427 2947; x_wconf 89' lang='lat' dir='ltr'>cura</span> <span class='ocrx_word' id='word_1_122' title='bbox 450 2894 566 2964; x_wconf 90' lang='lat' dir='ltr'>patrum</span> <span class='ocrx_word' id='word_1_123' title='bbox 590 2903 701 2963; x_wconf 87' lang='lat' dir='ltr'>quaeve</span> <span class='ocrx_word' id='word_1_124' title='bbox 724 2883 881 2955; x_wconf 81' lang='lat' dir='ltr'>Quiritium</span> 
     </span>
     <span class='ocr_line' id='line_1_29' title="bbox 254 2970 814 3043; baseline -0.002 -13"><span class='ocrx_word' id='word_1_125' title='bbox 254 2971 353 3032; x_wconf 86' lang='lat' dir='ltr'>Plenis</span> <span class='ocrx_word' id='word_1_126' title='bbox 374 2971 522 3032; x_wconf 90' lang='lat' dir='ltr'>honorum</span> <span class='ocrx_word' id='word_1_127' title='bbox 545 2970 719 3030; x_wconf 88' lang='lat' dir='ltr'>muneribus</span> <span class='ocrx_word' id='word_1_128' title='bbox 740 2978 814 3043; x_wconf 93' lang='lat' dir='ltr'>tuas,</span> 
     </span>
     <span class='ocr_line' id='line_1_30' title="bbox 303 3055 765 3133; baseline 0 -19"><span class='ocrx_word' id='word_1_129' title='bbox 303 3057 443 3133; x_wconf 75' lang='lat' dir='ltr'>Auguste,</span> <span class='ocrx_word' id='word_1_130' title='bbox 466 3056 588 3116; x_wconf 84' lang='lat' dir='ltr'>virtutos</span> <span class='ocrx_word' id='word_1_131' title='bbox 610 3055 639 3115; x_wconf 91' lang='lat' dir='ltr'>in</span> <span class='ocrx_word' id='word_1_132' title='bbox 663 3072 765 3115; x_wconf 88' lang='lat' dir='ltr'>aevum</span> 
     </span>
     <span class='ocr_line' id='line_1_31' title="bbox 352 3139 873 3217; baseline -0.002 -19"><span class='ocrx_word' id='word_1_133' title='bbox 352 3139 409 3200; x_wconf 89' lang='lat' dir='ltr'>Per</span> <span class='ocrx_word' id='word_1_134' title='bbox 430 3141 532 3201; x_wconf 91' lang='lat' dir='ltr'>titulos</span> <span class='ocrx_word' id='word_1_135' title='bbox 554 3158 760 3217; x_wconf 84' lang='lat' dir='ltr'>memoresque</span> <span class='ocrx_word' id='word_1_136' title='bbox 782 3141 873 3199; x_wconf 85' lang='lat' dir='ltr'>fastus</span> 
     </span>
    </p>
   </div>
   <div class='ocr_carea' id='block_1_11' title="bbox 202 3257 848 3590">
    <p class='ocr_par' dir='ltr' id='par_1_11' title="bbox 202 3257 848 3421">
     <span class='ocr_line' id='line_1_32' title="bbox 202 3257 786 3335; baseline 0.003 -21"><span class='ocrx_word' id='word_1_137' title='bbox 202 3267 216 3314; x_wconf 82' lang='lat'>5</span> <span class='ocrx_word' id='word_1_138' title='bbox 259 3258 407 3330; x_wconf 77' lang='lat' dir='ltr'>deterret,</span> <span class='ocrx_word' id='word_1_139' title='bbox 431 3277 448 3317; x_wconf 93' lang='lat' dir='ltr'>o</span> <span class='ocrx_word' id='word_1_140' title='bbox 473 3276 530 3335; x_wconf 87' lang='lat' dir='ltr'>qua</span> <span class='ocrx_word' id='word_1_141' title='bbox 552 3259 596 3318; x_wconf 92' lang='lat' dir='ltr'>sol</span> <span class='ocrx_word' id='word_1_142' title='bbox 618 3257 786 3319; x_wconf 89' lang='lat' dir='ltr'>habitabilis</span> 
     </span>
     <span class='ocr_line' id='line_1_33' title="bbox 258 3340 848 3421; baseline 0.003 -23"><span class='ocrx_word' id='word_1_143' title='bbox 258 3340 398 3402; x_wconf 91' lang='lat' dir='ltr'>Inlustrat</span> <span class='ocrx_word' id='word_1_144' title='bbox 420 3360 496 3414; x_wconf 83' lang='lat' dir='ltr'>oras,</span> <span class='ocrx_word' id='word_1_145' title='bbox 520 3343 644 3403; x_wconf 87' lang='lat' dir='ltr'>maxime</span> <span class='ocrx_word' id='word_1_146' title='bbox 668 3342 848 3421; x_wconf 87' lang='lat' dir='ltr'>principum,</span> 
     </span>
    </p>

    <p class='ocr_par' dir='ltr' id='par_1_12' title="bbox 304 3426 798 3505">
     <span class='ocr_line' id='line_1_34' title="bbox 304 3426 798 3505; baseline 0 -19"><span class='ocrx_word' id='word_1_147' title='bbox 304 3426 398 3496; x_wconf 81' lang='lat' dir='ltr'>Quem</span> <span class='ocrx_word' id='word_1_148' title='bbox 422 3426 495 3505; x_wconf 84' lang='lat' dir='ltr'>legis</span> <span class='ocrx_word' id='word_1_149' title='bbox 518 3437 654 3505; x_wconf 86' lang='lat' dir='ltr'>expertes</span> <span class='ocrx_word' id='word_1_150' title='bbox 679 3427 798 3487; x_wconf 75' lang='lat' dir='ltr'>Catinae</span> 
     </span>
    </p>

    <p class='ocr_par' dir='ltr' id='par_1_13' title="bbox 353 3511 777 3590">
     <span class='ocr_line' id='line_1_35' title="bbox 353 3511 777 3590; baseline 0 -20"><span class='ocrx_word' id='word_1_151' title='bbox 353 3511 494 3573; x_wconf 88' lang='lat' dir='ltr'>Vindelici</span> <span class='ocrx_word' id='word_1_152' title='bbox 517 3512 646 3572; x_wconf 91' lang='lat' dir='ltr'>didicere</span> <span class='ocrx_word' id='word_1_153' title='bbox 671 3530 777 3590; x_wconf 81' lang='lat' dir='ltr'>nuper,</span> 
     </span>
    </p>
   </div>
   <div class='ocr_carea' id='block_1_12' title="bbox 131 3660 330 3672">
    <p class='ocr_par' dir='ltr' id='par_1_14' title="bbox 131 3660 330 3672">
     <span class='ocr_line' id='line_1_36' title="bbox 131 3660 330 3672; baseline 0 0"><span class='ocrx_word' id='word_1_154' title='bbox 131 3660 330 3672; x_wconf 63' lang='lat' dir='ltr'>—n</span> 
     </span>
    </p>
   </div>
   <div class='ocr_carea' id='block_1_13' title="bbox 129 3759 1207 3961">
    <p class='ocr_par' dir='ltr' id='par_1_15' title="bbox 129 3759 1207 3961">
     <span class='ocr_line' id='line_1_37' title="bbox 213 3759 842 3831; baseline 0.002 -21"><span class='ocrx_word' id='word_1_155' title='bbox 213 3759 265 3811; x_wconf 86' lang='lat' dir='ltr'>Xlll</span> <span class='ocrx_word' id='word_1_156' title='bbox 284 3778 308 3815; x_wconf 88' lang='lat' dir='ltr'>o.</span> <span class='ocrx_word' id='word_1_157' title='bbox 329 3766 360 3815; x_wconf 83' lang='lat'>14</span> <span class='ocrx_word' id='word_1_158' title='bbox 378 3761 439 3814; x_wconf 88' lang='lat' dir='ltr'>clari</span> <span class='ocrx_word' id='word_1_159' title='bbox 455 3763 458 3827; x_wconf 94' lang='grc' dir='ltr'>Ι</span> <span class='ocrx_word' id='word_1_160' title='bbox 475 3766 506 3816; x_wconf 78' lang='lat'>26</span> <span class='ocrx_word' id='word_1_161' title='bbox 525 3764 625 3829; x_wconf 84' lang='lat' dir='ltr'>possint</span> <span class='ocrx_word' id='word_1_162' title='bbox 641 3764 644 3831; x_wconf 90' lang='grc' dir='ltr'>Ι</span> <span class='ocrx_word' id='word_1_163' title='bbox 662 3766 693 3816; x_wconf 79' lang='grc'>28</span> <span class='ocrx_word' id='word_1_164' title='bbox 714 3763 842 3827; x_wconf 85' lang='lat' dir='ltr'>delapsam</span> 
     </span>
     <span class='ocr_line' id='line_1_38' title="bbox 129 3824 1207 3961; baseline -0.001 -82"><span class='ocrx_word' id='word_1_165' title='bbox 129 3827 269 3961; x_wconf 54' lang='lat' dir='ltr'>5luxlgpl</span> <span class='ocrx_word' id='word_1_166' title='bbox 288 3845 311 3881; x_wconf 85' lang='lat' dir='ltr'>v.</span> <span class='ocrx_word' id='word_1_167' title='bbox 330 3835 346 3884; x_wconf 88' lang='grc'>4</span> <span class='ocrx_word' id='word_1_168' title='bbox 364 3830 456 3896; x_wconf 81' lang='lat' dir='ltr'>fastus]</span> <span class='ocrx_word' id='word_1_169' title='bbox 476 3829 512 3892; x_wconf 81' lang='lat' dir='ltr'>cf.</span> <span class='ocrx_word' id='word_1_170' title='bbox 530 3830 561 3881; x_wconf 97' lang='lat' dir='ltr'>lll</span> <span class='ocrx_word' id='word_1_171' title='bbox 582 3834 619 3896; x_wconf 84' lang='lat' dir='ltr'>lt,</span> <span class='ocrx_word' id='word_1_172' title='bbox 639 3836 668 3885; x_wconf 85' lang='lat'>4:</span> <span class='ocrx_word' id='word_1_173' title='bbox 693 3831 773 3883; x_wconf 82' lang='lat' dir='ltr'>fastos</span> <span class='ocrx_word' id='word_1_174' title='bbox 792 3830 884 3894; x_wconf 76' lang='lat' dir='ltr'>(fasces</span> <span class='ocrx_word' id='word_1_175' title='bbox 902 3827 998 3892; x_wconf 82' lang='lat' dir='ltr'>Porpd.</span> <span class='ocrx_word' id='word_1_176' title='bbox 1018 3825 1074 3878; x_wconf 88' lang='lat' dir='ltr'>cod.</span> <span class='ocrx_word' id='word_1_177' title='bbox 1094 3824 1181 3893; x_wconf 81' lang='lat' dir='ltr'>Mon.)</span> <span class='ocrx_word' id='word_1_178' title='bbox 1201 3825 1207 3893; x_wconf 93' lang='grc' dir='ltr'>Ι</span> 
     </span>
    </p>
   </div>
   <div class='ocr_carea' id='block_1_14' title="bbox 0 0 1332 4448">
    <p class='ocr_par' dir='ltr' id='par_1_16' title="bbox 0 0 1332 4448">
     <span class='ocr_line' id='line_1_39' title="bbox 0 0 1332 4448; baseline 0 0"><span class='ocrx_word' id='word_1_179' title='bbox 0 0 1332 4448; x_wconf 95' lang='lat' dir='ltr'> </span> 
     </span>
    </p>
   </div>
  </div>
 </body>
</html>
