2656 4448
128 207 187 264 112
555 204 686 258 EPODON
705 209 729 259 8.
748 210 772 260 9.

183 390 209 439 15
253 377 330 448 Quid
353 379 432 457 quod
455 378 544 438 libelli
567 377 652 438 stoici
674 377 754 438 inter
775 378 885 439 sericos

299 463 397 524 lacere
419 463 555 543 pulvillos
577 459 698 523 amant?

254 548 409 609 lnlitterati
434 567 505 609 num
528 548 627 608 minus
650 547 732 607 nervi
754 547 851 626 rigent

300 634 431 695 Minusve
454 633 574 712 languet
596 629 764 693 fascinum?

254 718 340 789 Quod
364 728 396 780 ut
417 717 547 796 superbo
570 735 713 797 provoces
735 716 771 776 ab
794 718 926 798 inguine,

184 815 212 864 tu
301 803 360 865 Ore
382 803 613 864 adlaborandum
636 802 764 862 esttibi.

644 1055 683 1114 lx

254 1172 379 1245 Quando
401 1184 552 1252 repostum
577 1174 744 1235 Caecubum
767 1175 802 1234 ad
825 1175 913 1236 festas
935 1175 1036 1254 dapes,

302 1259 419 1319 Victore
444 1259 535 1320 laetus
559 1259 690 1333 Caesare,

255 1343 365 1404 Tecum
388 1344 442 1405 sub
465 1345 521 1405 alta
544 1379 557 1389 -
580 1346 622 1406 sic
644 1344 705 1404 lovi
727 1354 843 1423 gratum
866 1377 880 1387 ·
903 1344 1000 1416 domo,

303 1429 391 1489 Beate
414 1429 575 1504 Maecenas,
598 1430 696 1490 bibam

197 1525 212 1575 b
256 1514 387 1575 Sonante
410 1515 532 1575 mixtum
556 1515 634 1575 tibiis
657 1533 775 1575 carmen
799 1513 870 1592 lyra,

302 1600 363 1659 Hac
387 1600 518 1673 Dorium,
542 1601 598 1661 iilis
621 1597 803 1660 barbarum?

257 1684 295 1744 Ut
317 1704 422 1763 nuper,
446 1695 528 1746 actus
550 1704 617 1746 cum
641 1686 715 1744 freto
738 1684 905 1762 Neptunius

303 1770 365 1829 [lux
390 1771 465 1849 fugit
488 1770 560 1831 ustis
584 1770 714 1843 navibus,

256 1855 383 1915 Minatus
406 1855 471 1915 urbi
493 1856 599 1928 vincla,
623 1874 697 1933 quae
721 1854 886 1914 detraxerat

184 1950 212 1999 10
305 1939 403 1999 Servis
425 1941 536 1999 amicus
558 1941 687 2018 perfidis.
710 1973 751 1983 -

255 2024 407 2084 Romanus
430 2025 505 2084 eheu
528 2058 541 2068 -
565 2024 675 2103 posteri
698 2022 843 2102 negabitis
858 2057 872 2069 -

303 2108 513 2188 Emancipatus
536 2110 662 2169 feminae

257 2192 327 2253 Fert
348 2192 455 2253 vallum
478 2204 506 2253 et
529 2212 607 2254 arma
630 2194 714 2254 miles
737 2202 766 2253 et
788 2191 970 2272 spadonibus

304 2278 418 2338 Servire
441 2278 558 2357 rugosis
580 2288 677 2358 potest

187 2372 214 2421 15
257 2361 397 2441 Interque
420 2364 503 2441 signa
526 2373 612 2443 turpe
635 2363 770 2424 militaria

305 2448 355 2508 Sol
379 2448 503 2527 adspicit
526 2450 697 2528 conopium.

258 2534 294 2592 tt
316 2533 374 2594 huc
397 2535 550 2594 frementis
572 2544 724 2594 verterunt
746 2533 791 2593 bis
812 2531 891 2592 mille
914 2549 1007 2609 equos

305 2618 378 2679 Galli
402 2630 542 2679 canentes
565 2621 717 2681 Caesarem

254 2703 475 2788 Jlostiliumque
499 2705 615 2765 navium
638 2712 726 2783 portu
750 2703 841 2763 latent

187 2799 215 2848 20
300 2789 418 2868 Puppes
440 2790 642 2850 sinistrorsum
665 2790 749 2849 citae.
773 2823 812 2831 -

259 2873 291 2933 lo
314 2873 484 2952 Triumphe,
508 2884 539 2934 tu
564 2876 688 2935 moraris
710 2892 815 2934 aureos

305 2957 417 3020 Currus
440 2969 470 3019 et
491 2961 616 3021 intactas
638 2956 750 3019 boves?

258 3043 290 3102 lo
312 3042 482 3123 Triumphe,
507 3065 562 3106 nec
585 3045 760 3122 lugurtbino
783 3060 883 3122 parem

306 3128 389 3187 Rello
412 3131 568 3208 reportasti
591 3133 697 3191 ducem

218 3343 269 3395 Vlll
280 3361 303 3395 v.
319 3349 348 3396 ll
368 3345 494 3397 illiteratis
512 3350 543 3397 ci.
564 3346 682 3413 δαμείω
700 3344 735 3406 cf.
753 3360 846 3395 comm·
858 3340 1006 3404 Woelfflin.
1022 3357 1050 3406 p.
1071 3344 1119 3396 109
1136 3343 1140 3408 Ι
1155 3357 1207 3394 non

130 3416 225 3477 Porpb.
250 3415 255 3478 Ι
278 3414 360 3478 magis
392 3417 425 3463 ci.
452 3414 599 3464 Meinelri'us
625 3417 630 3479 Ι
661 3416 690 3466 18
713 3415 828 3478 magisve
864 3411 982 3477 Guyetus
1008 3410 1025 3460 l.
1044 3409 1059 3463 l.
1077 3412 1209 3476 probante

130 3482 259 3546 nenton,
276 3498 308 3532 oo
319 3486 358 3531 sic
375 3487 444 3532 certe
462 3486 578 3533 scribere
597 3483 889 3548 oportebatHorotium
905 3477 941 3539 cf.
961 3483 1050 3528 tomen
1069 3483 1208 3530 comment.

135 3550 277 3613 Woelfflin.
295 3567 321 3616 p.
342 3553 436 3614 109sq.
1221 3562 1225 3569 ·

215 3618 248 3668 tx
265 3635 289 3669 υ.
310 3621 339 3669 Π
358 3619 392 3668 At
410 3619 467 3682 buc]
486 3621 562 3670 Bonus
579 3621 626 3683 (Ba
637 3623 658 3682 l)
675 3622 711 3680 (v)
729 3617 795 3682 (Vc.
807 3617 902 3667 Fatctn
914 3630 976 3665 ann.
987 3613 1055 3680 plait.
1066 3614 1125 3675 131,
1135 3613 1209 3676 620);

130 3688 200 3737 idem
224 3704 275 3753 pro
297 3703 321 3737 o.
350 3686 366 3738 l.
386 3688 464 3737 peres:
492 3688 523 3738 ad
548 3688 617 3738 hunc
640 3705 655 3737 υ
679 3687 712 3750 (Β
736 3687 779 3737 illi
796 3691 850 3736 tres
865 3686 917 3750 pr.)
945 3682 1032 3734 adhuc
1058 3685 1095 3748 (u)
1113 3683 1155 3732 H’
1173 3681 1209 3743 cs.

132 3771 221 3819 opusc.
238 3754 267 3805 lli
288 3756 336 3806 535
356 3754 388 3805 ad
407 3756 475 3805 bunc
494 3771 509 3804 o
528 3755 559 3806 ad
577 3756 626 3807 boc
644 3760 694 3805 out
716 3755 748 3806 ad
771 3754 833 3805 baec
851 3753 936 3804 nenti.
961 3757 988 3802 at
1011 3750 1071 3801 binc
1091 3751 1212 3816 duning-

132 3825 226 3872 hamus
244 3823 309 3885 (ΟΕ)
327 3828 353 3874 at
371 3828 433 3874 tunc
451 3823 653 3875 Docdmleinius
671 3825 707 3874 od
726 3823 787 3874 Tac.
805 3824 866 3873 bist.
884 3821 904 3871 ss
925 3823 955 3873 10
981 3823 1007 3870 at
1033 3833 1100 3870 nunc
1125 3821 1156 3870 A.
1178 3819 1209 3874 E.

133 3892 267 3941 Ilousmon
285 3893 376 3956 scum.
395 3890 432 3952 os
440 3891 542 3957 pbilx
563 3894 610 3944 196
