2656 4448
384 899 939 998 CARMINUM

527 1101 622 1153 LlssER
641 1101 801 1162 QUARTUS.
885 1127 886 1131 =

658 1273 670 1331 l

256 1389 434 1464 Intermissa,
456 1388 565 1462 Venus
589 1389 637 1450 diu

302 1475 416 1542 Rursus
438 1473 513 1534 bella
536 1471 657 1534 mores‘.l
680 1492 777 1553 parce,
801 1493 917 1554 precor,
940 1493 1062 1554 precor:

254 1559 321 1619 Non
345 1577 409 1619 sum
435 1559 527 1637 qualis
549 1576 629 1617 eram
651 1558 747 1618 bonae

303 1643 365 1704 Sub
388 1661 482 1721 regno
505 1643 636 1703 Cinarae.
682 1643 799 1716 Desine,
822 1643 951 1704 dulcium

256 1728 348 1788 Mater
370 1746 452 1788 saera
476 1727 663 1808 Cupidinum,

304 1812 386 1874 Circa
409 1813 501 1874 lustra
524 1813 625 1873 decem
648 1813 767 1873 flectere
790 1813 927 1874 mollibus

254 1895 317 1961 Iam
340 1897 447 1958 durum
470 1897 616 1977 imperiis;
639 1897 695 1973 abi,

303 1981 368 2052 Quo
390 1982 513 2043 blandae
537 1982 676 2044 iuvenum
699 1991 727 2042 le
750 1990 890 2043 revocant
912 2000 1033 2062 preces:

257 2066 470 2146 Tempestivius
492 2068 522 2127 in
546 2068 665 2128 domum
699 2132 701 2135 ,

303 2152 405 2225 Paulli,
428 2152 587 2231 purpureis
610 2152 668 2213 ales
692 2152 833 2225 oloribus,

258 2235 458 2298 comissabere
482 2237 606 2310 Maximi,

305 2321 334 2381 Si
357 2330 471 2382 torrere
493 2322 575 2383 iecur
594 2319 715 2398 quaeris
737 2320 892 2394 idoneum;

259 2405 391 2484 b'amque
413 2416 443 2466 el
465 2405 572 2467 nobilis
596 2414 624 2466 el
646 2405 755 2464 decens

303 2490 339 2550 Et
361 2510 416 2570 pro
440 2491 571 2552 sollicitis
595 2509 655 2550 non
679 2490 785 2549 lacilus
807 2488 864 2549 reis

260 2574 296 2634 El
320 2584 438 2636 centum
461 2594 537 2655 puer
559 2575 664 2635 artium

304 2659 375 2719 Late
398 2660 480 2738 signa
503 2662 578 2720 leret
598 2660 717 2720 militiae
740 2668 807 2718 luae

258 2741 295 2802 El
318 2745 495 2822 quandoque
517 2745 669 2824 potentior

304 2828 391 2907 Largi
412 2829 587 2889 muneribus
609 2828 706 2889 riserit
728 2827 842 2900 aemuli,

257 2911 388 2974 Albanos
411 2931 505 2994 prope
527 2923 556 2974 le
577 2913 659 2974 lacus

305 2998 406 3071 Ponet,
422 3016 617 3058 marmoream
641 2997 695 3058 sub
717 2996 800 3058 lrabe
823 2997 923 3056 citrea.

259 3080 321 3143 lllic
344 3083 469 3161 plurima
494 3083 615 3144 naribus

304 3167 399 3230 Duces
422 3178 486 3229 tura
509 3169 629 3248 lyraque
653 3176 682 3228 et
704 3167 876 3247 Berecyntia

258 3249 448 3314 Delectabere
471 3253 541 3314 ubia

305 3337 401 3399 blixlis
423 3339 604 3400 carminibus
627 3357 688 3398 non
711 3337 776 3397 sine
799 3336 903 3408 bsurla,

258 3419 320 3481 lllic
342 3422 387 3484 bis
410 3425 494 3502 pueri
518 3424 563 3484 die
1133 3427 1161 3477 25>

302 3505 418 3568 Numen
443 3527 509 3569 cum
532 3507 643 3568 teneris
665 3505 831 3585 virginibus
854 3513 935 3564 tuum

214 3689 223 3740 l
242 3706 265 3741 v.
285 3693 299 3742 9
318 3689 413 3757 domo!
433 3692 462 3743 18
481 3691 557 3757 largis
575 3691 608 3753 (a)
625 3689 628 3752 Ι
645 3691 676 3741 20
696 3703 788 3756 cyprea
807 3689 842 3753 (u)
852 3693 877 3738 et
887 3687 974 3756 cypria
984 3689 1019 3751 (v)
1031 3683 1064 3746 es.
1078 3685 1095 3750 1,
1111 3689 1133 3748 1,
1147 3687 1179 3738 13
1194 3683 1199 3755 Ι

127 3756 516 3890 [ἳέαῗὶᾶεἰᾳυῐεὼξέθἲΐτεογηίὶε]
535 3759 571 3809 B⁰
594 3759 641 3820 lul:
664 3756 786 3824 lyraeque
805 3762 830 3808 et
848 3756 1012 3824 berecyntiae
1024 3772 1038 3805 u
1066 3754 1069 3819 Ι
1095 3755 1126 3806 23
1141 3754 1202 3805 libia

180 3918 292 3959 Horatius.
985 3910 1000 3959 6
