<?xml version="1.0" encoding="UTF-8"?>
<!DOCTYPE html PUBLIC "-//W3C//DTD XHTML 1.0 Transitional//EN"
    "http://www.w3.org/TR/xhtml1/DTD/xhtml1-transitional.dtd">
<html xmlns="http://www.w3.org/1999/xhtml" xml:lang="en" lang="en">
 <head>
  <title>
</title>
<meta http-equiv="Content-Type" content="text/html;charset=utf-8" />
  <meta name='ocr-system' content='tesseract 3.04.00' />
  <meta name='ocr-capabilities' content='ocr_page ocr_carea ocr_par ocr_line ocrx_word'/>
</head>
<body>
  <div class='ocr_page' id='page_1' title='image "./qhoratiiflaccic02hertgoog_0041.png"; bbox 0 0 2656 4448; ppageno 0'>
   <div class='ocr_carea' id='block_1_1' title="bbox 406 931 949 1034">
    <p class='ocr_par' dir='ltr' id='par_1_1' title="bbox 406 931 949 1034">
     <span class='ocr_line' id='line_1_1' title="bbox 406 931 949 1034; baseline 0.009 -5"><span class='ocrx_word' id='word_1_1' title='bbox 406 931 949 1034; x_wconf 83' lang='lat' dir='ltr'><strong>CARMINUM</strong></span> 
     </span>
    </p>
   </div>
   <div class='ocr_carea' id='block_1_2' title="bbox 533 1117 820 1172">
    <p class='ocr_par' dir='ltr' id='par_1_2' title="bbox 533 1117 820 1172">
     <span class='ocr_line' id='line_1_2' title="bbox 533 1117 820 1172; baseline 0.017 -5"><span class='ocrx_word' id='word_1_2' title='bbox 533 1117 626 1168; x_wconf 81' lang='lat' dir='ltr'>LIBER</span> <span class='ocrx_word' id='word_1_3' title='bbox 645 1117 820 1172; x_wconf 85' lang='lat' dir='ltr'>SECUNDUS.</span> 
     </span>
    </p>
   </div>
   <div class='ocr_carea' id='block_1_3' title="bbox 670 1289 682 1348">
    <p class='ocr_par' dir='ltr' id='par_1_3' title="bbox 670 1289 682 1348">
     <span class='ocr_line' id='line_1_3' title="bbox 670 1289 682 1348; baseline 0 0"><span class='ocrx_word' id='word_1_4' title='bbox 670 1289 682 1348; x_wconf 98' lang='lat' dir='ltr'><strong>l</strong></span> 
     </span>
    </p>
   </div>
   <div class='ocr_carea' id='block_1_4' title="bbox 269 1405 844 1741">
    <p class='ocr_par' dir='ltr' id='par_1_4' title="bbox 269 1405 844 1741">
     <span class='ocr_line' id='line_1_4' title="bbox 269 1405 844 1470; baseline 0.007 -5"><span class='ocrx_word' id='word_1_5' title='bbox 269 1405 380 1468; x_wconf 90' lang='lat' dir='ltr'><strong>Motum</strong></span> <span class='ocrx_word' id='word_1_6' title='bbox 397 1425 432 1466; x_wconf 80' lang='lat' dir='ltr'><strong>ex</strong></span> <span class='ocrx_word' id='word_1_7' title='bbox 448 1407 565 1468; x_wconf 89' lang='lat' dir='ltr'><strong>Metello</strong></span> <span class='ocrx_word' id='word_1_8' title='bbox 582 1409 705 1470; x_wconf 89' lang='lat' dir='ltr'><strong>consule</strong></span> <span class='ocrx_word' id='word_1_9' title='bbox 720 1409 844 1469; x_wconf 88' lang='lat' dir='ltr'><strong>civicum</strong></span> 
     </span>
     <span class='ocr_line' id='line_1_5' title="bbox 269 1490 811 1569; baseline 0.007 -19"><span class='ocrx_word' id='word_1_10' title='bbox 269 1490 400 1569; x_wconf 89' lang='lat' dir='ltr'><strong>Bellique</strong></span> <span class='ocrx_word' id='word_1_11' title='bbox 417 1510 520 1554; x_wconf 82' lang='lat' dir='ltr'><strong>causas</strong></span> <span class='ocrx_word' id='word_1_12' title='bbox 536 1501 566 1553; x_wconf 89' lang='lat' dir='ltr'><strong>et</strong></span> <span class='ocrx_word' id='word_1_13' title='bbox 579 1494 646 1554; x_wconf 84' lang='lat' dir='ltr'><strong>vitia</strong></span> <span class='ocrx_word' id='word_1_14' title='bbox 663 1502 692 1554; x_wconf 88' lang='lat' dir='ltr'><strong>et</strong></span> <span class='ocrx_word' id='word_1_15' title='bbox 707 1495 811 1554; x_wconf 90' lang='lat' dir='ltr'><strong>modos</strong></span> 
     </span>
     <span class='ocr_line' id='line_1_6' title="bbox 316 1576 827 1656; baseline 0.006 -21"><span class='ocrx_word' id='word_1_16' title='bbox 316 1576 492 1655; x_wconf 89' lang='lat' dir='ltr'><strong>Ludumque</strong></span> <span class='ocrx_word' id='word_1_17' title='bbox 509 1578 657 1639; x_wconf 76' lang='lat' dir='ltr'><strong>Fortunae</strong></span> <span class='ocrx_word' id='word_1_18' title='bbox 672 1580 827 1656; x_wconf 86' lang='lat' dir='ltr'><strong>gravisque</strong></span> 
     </span>
     <span class='ocr_line' id='line_1_7' title="bbox 359 1661 826 1741; baseline 0.004 -21"><span class='ocrx_word' id='word_1_19' title='bbox 359 1661 531 1741; x_wconf 83' lang='lat' dir='ltr'><strong>Principum</strong></span> <span class='ocrx_word' id='word_1_20' title='bbox 547 1664 687 1724; x_wconf 81' lang='lat' dir='ltr'><strong>amicitias</strong></span> <span class='ocrx_word' id='word_1_21' title='bbox 702 1672 731 1723; x_wconf 90' lang='lat' dir='ltr'><strong>et</strong></span> <span class='ocrx_word' id='word_1_22' title='bbox 746 1681 826 1723; x_wconf 88' lang='lat' dir='ltr'><strong>arma</strong></span> 
     </span>
    </p>
   </div>
   <div class='ocr_carea' id='block_1_5' title="bbox 207 1779 827 2112">
    <p class='ocr_par' dir='ltr' id='par_1_5' title="bbox 207 1779 827 2112">
     <span class='ocr_line' id='line_1_8' title="bbox 207 1779 827 1857; baseline 0.002 -17"><span class='ocrx_word' id='word_1_23' title='bbox 207 1791 221 1839; x_wconf 80' lang='lat'>5</span> <span class='ocrx_word' id='word_1_24' title='bbox 265 1779 403 1840; x_wconf 90' lang='lat' dir='ltr'><strong>Nondum</strong></span> <span class='ocrx_word' id='word_1_25' title='bbox 419 1780 541 1857; x_wconf 81' lang='lat' dir='ltr'><strong>expiatis</strong></span> <span class='ocrx_word' id='word_1_26' title='bbox 556 1791 645 1840; x_wconf 90' lang='lat' dir='ltr'><strong>uncta</strong></span> <span class='ocrx_word' id='word_1_27' title='bbox 660 1780 827 1852; x_wconf 86' lang='lat' dir='ltr'><strong>cruoribus,</strong></span> 
     </span>
     <span class='ocr_line' id='line_1_9' title="bbox 265 1863 785 1943; baseline 0.004 -20"><span class='ocrx_word' id='word_1_28' title='bbox 265 1863 451 1924; x_wconf 81' lang='lat' dir='ltr'><strong>Periculosae</strong></span> <span class='ocrx_word' id='word_1_29' title='bbox 468 1865 590 1942; x_wconf 89' lang='lat' dir='ltr'><strong>plenum</strong></span> <span class='ocrx_word' id='word_1_30' title='bbox 606 1884 681 1943; x_wconf 92' lang='lat' dir='ltr'><strong>opus</strong></span> <span class='ocrx_word' id='word_1_31' title='bbox 696 1866 785 1936; x_wconf 78' lang='lat' dir='ltr'><strong>aleae,</strong></span> 
     </span>
     <span class='ocr_line' id='line_1_10' title="bbox 312 1948 765 2028; baseline 0.007 -21"><span class='ocrx_word' id='word_1_32' title='bbox 312 1948 432 2008; x_wconf 79' lang='lat' dir='ltr'><strong>Tractus</strong></span> <span class='ocrx_word' id='word_1_33' title='bbox 448 1957 477 2008; x_wconf 91' lang='lat' dir='ltr'><strong>et</strong></span> <span class='ocrx_word' id='word_1_34' title='bbox 493 1949 604 2010; x_wconf 90' lang='lat' dir='ltr'><strong>incedis</strong></span> <span class='ocrx_word' id='word_1_35' title='bbox 618 1968 673 2028; x_wconf 91' lang='lat' dir='ltr'><strong>per</strong></span> <span class='ocrx_word' id='word_1_36' title='bbox 689 1951 765 2028; x_wconf 88' lang='lat' dir='ltr'><strong>ignis</strong></span> 
     </span>
     <span class='ocr_line' id='line_1_11' title="bbox 356 2033 768 2112; baseline 0.01 -20"><span class='ocrx_word' id='word_1_37' title='bbox 356 2033 533 2112; x_wconf 89' lang='lat' dir='ltr'><strong>Suppositos</strong></span> <span class='ocrx_word' id='word_1_38' title='bbox 549 2034 642 2094; x_wconf 90' lang='lat' dir='ltr'><strong>cineri</strong></span> <span class='ocrx_word' id='word_1_39' title='bbox 657 2036 768 2096; x_wconf 83' lang='lat' dir='ltr'><strong>dolose.</strong></span> 
     </span>
    </p>
   </div>
   <div class='ocr_carea' id='block_1_6' title="bbox 263 2150 800 2230">
    <p class='ocr_par' dir='ltr' id='par_1_6' title="bbox 263 2150 800 2230">
     <span class='ocr_line' id='line_1_12' title="bbox 263 2150 800 2230; baseline 0.007 -21"><span class='ocrx_word' id='word_1_40' title='bbox 263 2150 386 2210; x_wconf 88' lang='lat' dir='ltr'><strong>Paulum</strong></span> <span class='ocrx_word' id='word_1_41' title='bbox 402 2168 520 2211; x_wconf 88' lang='lat' dir='ltr'><strong>severae</strong></span> <span class='ocrx_word' id='word_1_42' title='bbox 536 2151 617 2213; x_wconf 88' lang='lat' dir='ltr'><strong>Musa</strong></span> <span class='ocrx_word' id='word_1_43' title='bbox 634 2153 800 2230; x_wconf 83' lang='lat' dir='ltr'><strong>tragoediae</strong></span> 
     </span>
    </p>
   </div>
   <div class='ocr_carea' id='block_1_7' title="bbox 193 2235 805 2485">
    <p class='ocr_par' dir='ltr' id='par_1_7' title="bbox 193 2235 805 2485">
     <span class='ocr_line' id='line_1_13' title="bbox 193 2235 805 2316; baseline 0.008 -24"><span class='ocrx_word' id='word_1_44' title='bbox 193 2243 220 2294; x_wconf 86' lang='lat'><strong>10</strong></span> <span class='ocrx_word' id='word_1_45' title='bbox 263 2235 345 2296; x_wconf 85' lang='lat' dir='ltr'><strong>Desit</strong></span> <span class='ocrx_word' id='word_1_46' title='bbox 359 2236 496 2306; x_wconf 87' lang='lat' dir='ltr'><strong>theatris;</strong></span> <span class='ocrx_word' id='word_1_47' title='bbox 513 2255 590 2308; x_wconf 82' lang='lat' dir='ltr'><strong>mox,</strong></span> <span class='ocrx_word' id='word_1_48' title='bbox 606 2238 657 2297; x_wconf 93' lang='lat' dir='ltr'><strong>ubi</strong></span> <span class='ocrx_word' id='word_1_49' title='bbox 673 2239 805 2316; x_wconf 88' lang='lat' dir='ltr'><strong>publicas</strong></span> 
     </span>
     <span class='ocr_line' id='line_1_14' title="bbox 309 2320 793 2400; baseline 0.008 -21"><span class='ocrx_word' id='word_1_50' title='bbox 309 2320 367 2380; x_wconf 85' lang='lat' dir='ltr'><strong>lles</strong></span> <span class='ocrx_word' id='word_1_51' title='bbox 385 2321 540 2393; x_wconf 84' lang='lat' dir='ltr'><strong>ordinaris,</strong></span> <span class='ocrx_word' id='word_1_52' title='bbox 558 2323 668 2400; x_wconf 81' lang='lat' dir='ltr'><strong>grande</strong></span> <span class='ocrx_word' id='word_1_53' title='bbox 683 2342 793 2383; x_wconf 89' lang='lat' dir='ltr'><strong>munus</strong></span> 
     </span>
     <span class='ocr_line' id='line_1_15' title="bbox 353 2403 801 2485; baseline 0.007 -20"><span class='ocrx_word' id='word_1_54' title='bbox 353 2403 496 2484; x_wconf 84' lang='lat' dir='ltr'><strong>Cecropio</strong></span> <span class='ocrx_word' id='word_1_55' title='bbox 513 2419 628 2485; x_wconf 86' lang='lat' dir='ltr'><strong>repetes</strong></span> <span class='ocrx_word' id='word_1_56' title='bbox 644 2409 801 2479; x_wconf 87' lang='lat' dir='ltr'><strong>cothurno,</strong></span> 
     </span>
    </p>
   </div>
   <div class='ocr_carea' id='block_1_8' title="bbox 191 2523 816 2859">
    <p class='ocr_par' dir='ltr' id='par_1_8' title="bbox 191 2523 816 2859">
     <span class='ocr_line' id='line_1_16' title="bbox 265 2523 785 2604; baseline 0.008 -22"><span class='ocrx_word' id='word_1_57' title='bbox 265 2523 384 2600; x_wconf 81' lang='lat' dir='ltr'><strong>Insigne</strong></span> <span class='ocrx_word' id='word_1_58' title='bbox 400 2525 517 2585; x_wconf 90' lang='lat' dir='ltr'><strong>maestis</strong></span> <span class='ocrx_word' id='word_1_59' title='bbox 531 2526 711 2604; x_wconf 88' lang='lat' dir='ltr'><strong>praesidium</strong></span> <span class='ocrx_word' id='word_1_60' title='bbox 726 2527 785 2587; x_wconf 90' lang='lat' dir='ltr'><strong>reis</strong></span> 
     </span>
     <span class='ocr_line' id='line_1_17' title="bbox 262 2607 734 2682; baseline 0.006 -14"><span class='ocrx_word' id='word_1_61' title='bbox 262 2607 300 2668; x_wconf 85' lang='lat' dir='ltr'><strong>Et</strong></span> <span class='ocrx_word' id='word_1_62' title='bbox 314 2610 491 2682; x_wconf 86' lang='lat' dir='ltr'><strong>consulenti,</strong></span> <span class='ocrx_word' id='word_1_63' title='bbox 508 2609 610 2682; x_wconf 86' lang='lat' dir='ltr'><strong>Pollio,</strong></span> <span class='ocrx_word' id='word_1_64' title='bbox 627 2611 734 2682; x_wconf 78' lang='lat' dir='ltr'><strong>curiae,</strong></span> 
     </span>
     <span class='ocr_line' id='line_1_18' title="bbox 191 2693 771 2756; baseline 0.005 -4"><span class='ocrx_word' id='word_1_65' title='bbox 191 2701 218 2752; x_wconf 84' lang='lat'><strong>15</strong></span> <span class='ocrx_word' id='word_1_66' title='bbox 306 2693 358 2754; x_wconf 86' lang='lat' dir='ltr'><strong>Cui</strong></span> <span class='ocrx_word' id='word_1_67' title='bbox 375 2695 476 2756; x_wconf 86' lang='lat' dir='ltr'><strong>laurus</strong></span> <span class='ocrx_word' id='word_1_68' title='bbox 491 2703 627 2756; x_wconf 89' lang='lat' dir='ltr'><strong>aeternos</strong></span> <span class='ocrx_word' id='word_1_69' title='bbox 641 2696 771 2755; x_wconf 90' lang='lat' dir='ltr'><strong>honores</strong></span> 
     </span>
     <span class='ocr_line' id='line_1_19' title="bbox 353 2779 816 2859; baseline 0.004 -21"><span class='ocrx_word' id='word_1_70' title='bbox 353 2779 511 2840; x_wconf 85' lang='lat' dir='ltr'><strong>Delmatico</strong></span> <span class='ocrx_word' id='word_1_71' title='bbox 527 2781 643 2859; x_wconf 91' lang='lat' dir='ltr'><strong>peperit</strong></span> <span class='ocrx_word' id='word_1_72' title='bbox 657 2781 816 2859; x_wconf 88' lang='lat' dir='ltr'><strong>triumpho.</strong></span> 
     </span>
    </p>
   </div>
   <div class='ocr_carea' id='block_1_9' title="bbox 188 2897 899 3229">
    <p class='ocr_par' dir='ltr' id='par_1_9' title="bbox 188 2897 899 3229">
     <span class='ocr_line' id='line_1_20' title="bbox 260 2897 870 2960; baseline 0.003 -3"><span class='ocrx_word' id='word_1_73' title='bbox 260 2897 321 2957; x_wconf 88' lang='lat' dir='ltr'><strong>lam</strong></span> <span class='ocrx_word' id='word_1_74' title='bbox 339 2916 420 2958; x_wconf 87' lang='lat' dir='ltr'><strong>nuuc</strong></span> <span class='ocrx_word' id='word_1_75' title='bbox 434 2898 542 2959; x_wconf 90' lang='lat' dir='ltr'><strong>minaci</strong></span> <span class='ocrx_word' id='word_1_76' title='bbox 558 2917 710 2959; x_wconf 86' lang='lat' dir='ltr'><strong>murmure</strong></span> <span class='ocrx_word' id='word_1_77' title='bbox 725 2917 870 2960; x_wconf 89' lang='lat' dir='ltr'><strong>cornuum</strong></span> 
     </span>
     <span class='ocr_line' id='line_1_21' title="bbox 260 2982 854 3062; baseline 0.002 -20"><span class='ocrx_word' id='word_1_78' title='bbox 260 2982 439 3059; x_wconf 86' lang='lat' dir='ltr'><strong>Perstriugis</strong></span> <span class='ocrx_word' id='word_1_79' title='bbox 453 2984 541 3054; x_wconf 86' lang='lat' dir='ltr'><strong>auris,</strong></span> <span class='ocrx_word' id='word_1_80' title='bbox 557 2984 613 3044; x_wconf 90' lang='lat' dir='ltr'><strong>iam</strong></span> <span class='ocrx_word' id='word_1_81' title='bbox 629 2984 693 3043; x_wconf 88' lang='lat' dir='ltr'><strong>litui</strong></span> <span class='ocrx_word' id='word_1_82' title='bbox 709 2991 854 3062; x_wconf 86' lang='lat' dir='ltr'><strong>strepunt,</strong></span> 
     </span>
     <span class='ocr_line' id='line_1_22' title="bbox 308 3065 775 3144; baseline 0.006 -20"><span class='ocrx_word' id='word_1_83' title='bbox 308 3066 368 3125; x_wconf 90' lang='lat' dir='ltr'><strong>lam</strong></span> <span class='ocrx_word' id='word_1_84' title='bbox 383 3065 481 3144; x_wconf 90' lang='lat' dir='ltr'><strong>fulgor</strong></span> <span class='ocrx_word' id='word_1_85' title='bbox 496 3085 646 3127; x_wconf 88' lang='lat' dir='ltr'><strong>armorum</strong></span> <span class='ocrx_word' id='word_1_86' title='bbox 663 3068 775 3144; x_wconf 79' lang='lat' dir='ltr'><strong>fugacis</strong></span> 
     </span>
     <span class='ocr_line' id='line_1_23' title="bbox 188 3149 899 3229; baseline 0.001 -20"><span class='ocrx_word' id='word_1_87' title='bbox 188 3159 217 3209; x_wconf 77' lang='lat'><strong>20</strong></span> <span class='ocrx_word' id='word_1_88' title='bbox 359 3149 463 3210; x_wconf 87' lang='lat' dir='ltr'><strong>Terret</strong></span> <span class='ocrx_word' id='word_1_89' title='bbox 479 3168 572 3228; x_wconf 87' lang='lat' dir='ltr'><strong>equos</strong></span> <span class='ocrx_word' id='word_1_90' title='bbox 588 3152 779 3229; x_wconf 87' lang='lat' dir='ltr'><strong>equitumque</strong></span> <span class='ocrx_word' id='word_1_91' title='bbox 794 3151 899 3212; x_wconf 89' lang='lat' dir='ltr'><strong>voltus.</strong></span> 
     </span>
    </p>
   </div>
   <div class='ocr_carea' id='block_1_10' title="bbox 258 3267 904 3584">
    <p class='ocr_par' dir='ltr' id='par_1_10' title="bbox 258 3267 904 3584">
     <span class='ocr_line' id='line_1_24' title="bbox 259 3267 798 3346; baseline 0.006 -20"><span class='ocrx_word' id='word_1_92' title='bbox 259 3268 368 3328; x_wconf 80' lang='lat' dir='ltr'><strong>Audire</strong></span> <span class='ocrx_word' id='word_1_93' title='bbox 384 3285 506 3346; x_wconf 83' lang='lat' dir='ltr'><strong>maguus</strong></span> <span class='ocrx_word' id='word_1_94' title='bbox 522 3268 577 3328; x_wconf 90' lang='lat' dir='ltr'><strong>iam</strong></span> <span class='ocrx_word' id='word_1_95' title='bbox 594 3267 694 3328; x_wconf 88' lang='lat' dir='ltr'><strong>videor</strong></span> <span class='ocrx_word' id='word_1_96' title='bbox 708 3267 798 3329; x_wconf 88' lang='lat' dir='ltr'><strong>duces</strong></span> 
     </span>
     <span class='ocr_line' id='line_1_25' title="bbox 258 3351 766 3432; baseline 0.004 -21"><span class='ocrx_word' id='word_1_97' title='bbox 258 3352 324 3411; x_wconf 92' lang='lat' dir='ltr'><strong>Non</strong></span> <span class='ocrx_word' id='word_1_98' title='bbox 340 3351 481 3413; x_wconf 90' lang='lat' dir='ltr'><strong>indecoro</strong></span> <span class='ocrx_word' id='word_1_99' title='bbox 497 3353 617 3432; x_wconf 86' lang='lat' dir='ltr'><strong>pulvere</strong></span> <span class='ocrx_word' id='word_1_100' title='bbox 632 3351 766 3414; x_wconf 90' lang='lat' dir='ltr'><strong>sordidos</strong></span> 
     </span>
     <span class='ocr_line' id='line_1_26' title="bbox 305 3436 758 3499; baseline 0.004 -4"><span class='ocrx_word' id='word_1_101' title='bbox 305 3436 343 3497; x_wconf 86' lang='lat' dir='ltr'><strong>Et</strong></span> <span class='ocrx_word' id='word_1_102' title='bbox 357 3444 463 3498; x_wconf 90' lang='lat' dir='ltr'><strong>cuncta</strong></span> <span class='ocrx_word' id='word_1_103' title='bbox 478 3448 623 3499; x_wconf 89' lang='lat' dir='ltr'><strong>terrarum</strong></span> <span class='ocrx_word' id='word_1_104' title='bbox 639 3437 758 3498; x_wconf 86' lang='lat' dir='ltr'><strong>subacta</strong></span> 
     </span>
     <span class='ocr_line' id='line_1_27' title="bbox 349 3522 904 3584; baseline 0.002 -3"><span class='ocrx_word' id='word_1_105' title='bbox 349 3522 469 3583; x_wconf 90' lang='lat' dir='ltr'><strong>Praeter</strong></span> <span class='ocrx_word' id='word_1_106' title='bbox 484 3533 614 3584; x_wconf 87' lang='lat' dir='ltr'><strong>atrocem</strong></span> <span class='ocrx_word' id='word_1_107' title='bbox 630 3523 760 3583; x_wconf 87' lang='lat' dir='ltr'><strong>animum</strong></span> <span class='ocrx_word' id='word_1_108' title='bbox 777 3522 904 3584; x_wconf 85' lang='lat' dir='ltr'><strong>Catonis.</strong></span> 
     </span>
    </p>
   </div>
   <div class='ocr_carea' id='block_1_11' title="bbox 127 3653 1202 3859">
    <p class='ocr_par' dir='ltr' id='par_1_11' title="bbox 127 3653 1202 3859">
     <span class='ocr_line' id='line_1_28' title="bbox 216 3653 1202 3720; baseline 0.008 -16"><span class='ocrx_word' id='word_1_109' title='bbox 216 3653 268 3707; x_wconf 82' lang='lat' dir='ltr'><strong>lv.</strong></span> <span class='ocrx_word' id='word_1_110' title='bbox 288 3659 303 3706; x_wconf 81' lang='lat'>5</span> <span class='ocrx_word' id='word_1_111' title='bbox 322 3658 408 3717; x_wconf 86' lang='lat' dir='ltr'><strong>uncta]</strong></span> <span class='ocrx_word' id='word_1_112' title='bbox 431 3678 464 3700; x_wconf 90' lang='lat'>=</span> <span class='ocrx_word' id='word_1_113' title='bbox 488 3656 526 3707; x_wconf 90' lang='lat' dir='ltr'><strong>Io.</strong></span> <span class='ocrx_word' id='word_1_114' title='bbox 544 3655 679 3706; x_wconf 76' lang='lat' dir='ltr'><strong>Schrader</strong></span> <span class='ocrx_word' id='word_1_115' title='bbox 701 3658 840 3707; x_wconf 63' lang='lat' dir='ltr'><strong>observate</strong></span> <span class='ocrx_word' id='word_1_116' title='bbox 866 3654 876 3705; x_wconf 98' lang='lat' dir='ltr'><strong>l</strong></span> <span class='ocrx_word' id='word_1_117' title='bbox 902 3671 924 3706; x_wconf 86' lang='lat' dir='ltr'><strong>c.</strong></span> <span class='ocrx_word' id='word_1_118' title='bbox 950 3653 972 3702; x_wconf 86' lang='lat' dir='ltr'>V</span> <span class='ocrx_word' id='word_1_119' title='bbox 997 3672 1024 3720; x_wconf 90' lang='lat' dir='ltr'><strong>p.</strong></span> <span class='ocrx_word' id='word_1_120' title='bbox 1049 3659 1094 3710; x_wconf 84' lang='lat'><strong>65:</strong></span> <span class='ocrx_word' id='word_1_121' title='bbox 1123 3658 1202 3711; x_wconf 87' lang='lat' dir='ltr'><strong>tincta</strong></span> 
     </span>
     <span class='ocr_line' id='line_1_29' title="bbox 129 3721 1201 3787; baseline 0.007 -17"><span class='ocrx_word' id='word_1_122' title='bbox 129 3721 216 3773; x_wconf 81' lang='lat' dir='ltr'><strong>Bentl.</strong></span> <span class='ocrx_word' id='word_1_123' title='bbox 246 3730 251 3785; x_wconf 77' lang='grc' dir='ltr'>Ι</span> <span class='ocrx_word' id='word_1_124' title='bbox 275 3725 306 3777; x_wconf 82' lang='lat'><strong>21</strong></span> <span class='ocrx_word' id='word_1_125' title='bbox 337 3721 424 3774; x_wconf 84' lang='lat' dir='ltr'><strong>videre</strong></span> <span class='ocrx_word' id='word_1_126' title='bbox 451 3723 497 3773; x_wconf 75' lang='lat' dir='ltr'><strong>rt.</strong></span> <span class='ocrx_word' id='word_1_127' title='bbox 526 3724 673 3775; x_wconf 78' lang='lat' dir='ltr'><strong>Beroaldus</strong></span> <span class='ocrx_word' id='word_1_128' title='bbox 702 3725 739 3775; x_wconf 87' lang='lat' dir='ltr'><strong>ad</strong></span> <span class='ocrx_word' id='word_1_129' title='bbox 756 3725 809 3777; x_wconf 84' lang='lat' dir='ltr'><strong>Cic.</strong></span> <span class='ocrx_word' id='word_1_130' title='bbox 832 3722 906 3774; x_wconf 79' lang='lat' dir='ltr'><strong>Tmo.</strong></span> <span class='ocrx_word' id='word_1_131' title='bbox 925 3721 948 3771; x_wconf 85' lang='lat' dir='ltr'>V</span> <span class='ocrx_word' id='word_1_132' title='bbox 968 3726 1008 3787; x_wconf 82' lang='grc'><strong>39,</strong></span> <span class='ocrx_word' id='word_1_133' title='bbox 1028 3728 1078 3776; x_wconf 84' lang='grc'><strong>114</strong></span> <span class='ocrx_word' id='word_1_134' title='bbox 1096 3742 1131 3775; x_wconf 74' lang='lat' dir='ltr'><strong>ee·</strong></span> <span class='ocrx_word' id='word_1_135' title='bbox 1148 3741 1201 3777; x_wconf 79' lang='lat' dir='ltr'><strong>mo-</strong></span> 
     </span>
     <span class='ocr_line' id='line_1_30' title="bbox 127 3790 1148 3859; baseline 0.004 -20"><span class='ocrx_word' id='word_1_136' title='bbox 127 3795 217 3840; x_wconf 83' lang='lat' dir='ltr'><strong>moria</strong></span> <span class='ocrx_word' id='word_1_137' title='bbox 237 3796 349 3853; x_wconf 81' lang='lat' dir='ltr'><strong>tuntum,</strong></span> <span class='ocrx_word' id='word_1_138' title='bbox 367 3796 398 3841; x_wconf 82' lang='lat' dir='ltr'><strong>ut</strong></span> <span class='ocrx_word' id='word_1_139' title='bbox 408 3791 523 3852; x_wconf 75' lang='lat' dir='ltr'><strong>videtur,</strong></span> <span class='ocrx_word' id='word_1_140' title='bbox 542 3793 612 3842; x_wconf 75' lang='lat' dir='ltr'><strong>dune</strong></span> <span class='ocrx_word' id='word_1_141' title='bbox 624 3794 711 3843; x_wconf 87' lang='lat' dir='ltr'><strong>locum</strong></span> <span class='ocrx_word' id='word_1_142' title='bbox 722 3797 762 3843; x_wconf 84' lang='lat' dir='ltr'><strong>ita</strong></span> <span class='ocrx_word' id='word_1_143' title='bbox 774 3792 905 3854; x_wconf 50' lang='lat' dir='ltr'><strong>afferma</strong></span> <span class='ocrx_word' id='word_1_144' title='bbox 919 3790 1049 3859; x_wconf 58' lang='lat' dir='ltr'><strong>Gorgatan</strong></span> <span class='ocrx_word' id='word_1_145' title='bbox 1066 3794 1148 3844; x_wconf 84' lang='lat' dir='ltr'><strong>Bentl.</strong></span> 
     </span>
    </p>
   </div>
   <div class='ocr_carea' id='block_1_12' title="bbox 0 0 1332 4448">
    <p class='ocr_par' dir='ltr' id='par_1_12' title="bbox 0 0 1332 4448">
     <span class='ocr_line' id='line_1_31' title="bbox 0 0 1332 4448; baseline 0 0"><span class='ocrx_word' id='word_1_146' title='bbox 0 0 1332 4448; x_wconf 95' lang='lat' dir='ltr'><strong> </strong></span> 
     </span>
    </p>
   </div>
  </div>
 </body>
</html>
