2656 4448
407 972 1003 1071 SATIRARUM

564 1174 658 1226 LIBER
676 1174 853 1227 SECUNDUS.

702 1347 714 1406 l

256 1458 348 1525 ‘Sunt
371 1463 478 1542 quibus
501 1465 530 1524 in
554 1466 641 1526 satira
663 1466 762 1526 videar
784 1465 872 1525 nimis
895 1483 962 1524 acer
985 1474 1014 1524 et
1035 1467 1111 1528 ultra

258 1551 367 1629 Legem
390 1551 513 1610 tendere
536 1570 621 1629 opus,
644 1551 709 1612 sine
731 1551 828 1611 nervis
850 1550 939 1610 altera
962 1551 1104 1630 quidquid

259 1634 428 1715 Composui,
451 1654 519 1714 pars
542 1654 605 1696 esse
627 1646 711 1716 putat
733 1636 894 1714 similisque
916 1653 1050 1696 meorum

259 1721 338 1781 Mille
361 1721 407 1781 die
429 1739 531 1781 versus
553 1721 659 1781 deduci
681 1740 778 1799 posse.
822 1720 951 1791 Trebati,

261 1805 336 1875 Quid
360 1806 474 1879 luciam,
497 1797 682 1906 praescribe?
702 1796 890 1907 “Quiescas2
927 1799 984 1866 ‘Ne
999 1805 1114 1880 faciam,
1138 1807 1247 1887 inquis,

261 1890 391 1951 Omnino
412 1889 537 1951 versus?
597 1892 661 1950 Aio.
717 1891 837 1951 Peream
861 1892 945 1963 male,
968 1891 992 1952 si
1015 1909 1076 1951 non

261 1975 414 2054 Optimum
436 1983 507 2046 erat,
532 1993 632 2035 verum
657 1994 773 2054 nequeo
796 1967 942 2036 dormire.³
979 1968 1051 2035 ‘Ter
1072 1977 1159 2039 uncti

261 2060 451 2119 Transnanto
473 2059 604 2120 Tiberim
628 2079 734 2121 somno
758 2061 865 2139 quibus
888 2070 932 2121 est
955 2079 1029 2141 opus
1050 2062 1120 2136 alto,

260 2144 474 2222 inriguumque
496 2162 579 2205 mero
603 2145 657 2205 sub
682 2156 799 2206 noctem
823 2164 933 2225 corpus
954 2146 1096 2221 babento;

263 2232 330 2303 Aut,
353 2229 378 2289 si
400 2238 501 2289 tantus
522 2248 605 2290 amor
627 2231 775 2291 scribendi
798 2240 826 2290 te
849 2231 934 2309 rapit,
958 2231 1032 2291 aude

264 2314 396 2376 Caesaris
418 2314 518 2374 invicti
542 2334 590 2376 res
612 2314 719 2387 dicere,
742 2316 834 2376 multa
856 2316 991 2376 laborum

262 2399 394 2460 Praemia
415 2390 545 2461 laturus.³
583 2393 752 2481 ‘Cupidum
775 2410 859 2480 pater
881 2400 1000 2480 optime,
1024 2402 1100 2464 vires

262 2485 424 2560 lleficiunt3
449 2504 545 2563 neque
569 2487 649 2546 enim
673 2487 766 2565 quivis
789 2487 941 2546 horrentia
964 2486 1030 2566 pilis

263 2570 388 2648 Agmina
412 2589 468 2630 nec
490 2572 581 2630 lracta
603 2573 757 2650 pereuntis
779 2572 901 2650 cuspide
925 2571 1022 2632 Gallos

265 2658 324 2715 Aut
345 2654 470 2716 labentis
493 2674 570 2733 equo
594 2657 733 2717 describit
755 2657 873 2717 volnera
896 2647 1013 2717 Parthi?

262 2733 412 2800 ‘Attamen
436 2750 466 2800 et
486 2741 597 2801 iustum
619 2752 738 2819 poteras
760 2751 789 2801 et
811 2741 941 2801 scribere
963 2744 1080 2813 lortem,

266 2825 440 2903 Scipiadam,
463 2836 496 2885 ut
518 2823 637 2904 sapiens
658 2819 808 2886 Lucilius?
851 2820 950 2886 ‘Haud
974 2826 1045 2886 mibi
1068 2827 1150 2901 dero,

267 2910 338 2970 Cum
362 2929 410 2970 res
431 2911 494 2989 ipsa
518 2912 608 2986 leret3
631 2911 688 2971 nisi
711 2905 813 2971 dextro
836 2920 970 2990 tempore
992 2910 1089 2971 Flacci

263 2993 359 3055 Verba
382 3013 434 3074 per
456 3005 595 3056 attentam
618 3016 679 3056 non
702 2997 789 3056 ibunt
811 2994 941 3057 Caesaris
963 3014 1074 3068 aurem,

177 3089 207 3139 m
264 3078 318 3138 Cui
341 3080 415 3139 male
437 3081 461 3139 si
484 3082 613 3159 palpem,
636 3082 804 3143 recalcitrat
826 3082 959 3159 undique
980 3071 1079 3141 tutus'

262 3156 395 3232 ‘Quanto
419 3166 529 3225 rectius
550 3167 607 3225 boc
630 3185 716 3243 quam
739 3166 814 3226 tristi
838 3166 953 3226 laedere
975 3184 1061 3226 versu

265 3247 459 3307 Pantolabum
482 3268 612 3311 scurram
636 3252 915 3329 Nomentanumque
937 3261 1085 3330 nepotem,

266 3332 338 3392 Cum
355 3332 411 3393 sibi
426 3333 552 3413 quisque
568 3335 660 3408 timet,
677 3355 853 3414 quamquam
870 3345 914 3396 est
928 3337 1065 3408 intactus,
1081 3344 1110 3395 et
1127 3326 1207 3396 odit?

262 3411 352 3487 ‘Quid
375 3417 503 3479 faciam?
547 3420 639 3480 Saltat
660 3421 807 3494 Milonius,
830 3431 863 3482 ut
883 3422 974 3483 semel
996 3422 1054 3482 icto

180 3512 209 3562 25
266 3503 399 3564 Accessit
421 3505 519 3565 ferror
541 3506 629 3584 capiti
653 3525 855 3584 numerusque
878 3507 1008 3567 lucernis
1016 3524 1024 3580 ;

269 3753 350 3806 lul
382 3755 471 3807 uideor
492 3758 526 3820 (a)
554 3756 559 3822 1
586 3758 601 3807 9
623 3757 777 3822 irriguumve
800 3756 958 3821 liutgersa‘us
983 3756 1046 3809 Ven.
1070 3757 1126 3807 lect.
1150 3773 1173 3808 c.
1197 3756 1255 3809 xxi

179 3837 206 3886 p.
225 3824 273 3874 361
291 3824 295 3888 Ι
313 3825 343 3874 15
362 3822 490 3876 describat
508 3839 523 3873 υ
542 3823 669 3876 describet
687 3826 723 3890 (v)
738 3830 742 3890 Ι
758 3827 790 3877 20
809 3824 1030 3876 Nomentanumue
