2656 4448
134 206 173 264 16
477 206 648 260 tanttttUtt
666 208 676 260 l
695 212 736 262 ll.
755 211 795 261 18.
816 210 855 261 te.

260 381 314 442 Hic
330 381 360 442 in
376 382 497 442 reducta
512 380 585 440 valle
599 379 748 440 caniculae

259 465 369 528 Vitabis
384 474 482 528 aestus
497 474 525 525 et
542 467 598 526 tide
612 464 682 525 Teia

305 551 390 612 Dices
405 551 565 611 laborantis
580 550 610 611 in
626 569 688 611 uno

188 646 216 696 20
345 636 515 713 Penelopen
531 635 712 713 vitreamque
728 634 850 710 Circen3

260 755 315 816 llic
329 754 499 815 innocentis
514 752 620 832 pocula
635 752 734 814 Lesbii

260 841 356 901 Duces
371 838 425 900 sub
442 838 546 900 umbra
562 857 618 899 nec
634 838 795 899 Semeleius

305 924 376 985 Cum
393 923 485 984 Marte
501 923 665 984 confundet
679 924 838 1003 Thyoneus

347 1009 460 1069 Proelia
476 1028 532 1070 nec
547 1018 662 1069 metues
676 1019 846 1086 protervum

203 1140 213 1152 '
258 1128 400 1207 Suspecta
417 1127 534 1208 Cyrum,
552 1146 589 1201 ne
604 1126 679 1187 male
695 1127 802 1206 dispari

259 1213 477 1274 incontinentis
493 1212 593 1273 iniciat
608 1230 714 1273 manus

304 1297 341 1358 Et
355 1297 470 1358 scindat
485 1298 655 1358 haerentem
672 1316 813 1358 coronam

348 1382 485 1444 Crinibus
500 1382 727 1462 inmeritamque
741 1391 861 1444 vestem.

618 1637 710 1697 XVlll

256 1757 380 1830 Nullam,
397 1757 480 1829 Varo,
496 1774 578 1816 sacra
595 1755 651 1814 vite
667 1754 750 1832 prius
764 1753 872 1814 severis
887 1753 1022 1814 arborem

257 1843 339 1904 Circa
354 1842 423 1903 mite
438 1841 533 1901 solum
550 1839 669 1900 Tiburis
684 1849 713 1898 et
727 1839 842 1898 moenia
859 1836 950 1910 Catili,

257 1927 349 1988 Siccis
365 1926 463 1985 omnia
480 1943 547 1984 uam
563 1923 636 1983 dura
651 1923 723 1984 dens
738 1923 893 2000 proposuit
908 1938 1005 1997 neque

255 2011 407 2072 Mordaces
422 2009 505 2069 aliter
520 2008 678 2087 ditiuginnt
692 2007 913 2069 sollicitudines.

256 2095 328 2166 Quis
340 2104 408 2174 post
419 2093 484 2154 vina
497 2112 612 2172 gravem
626 2093 757 2153 militiam
768 2101 818 2152 aut
828 2095 998 2171 pauperiem
1011 2102 1122 2172 crepat,

256 2176 1122 2257 Quisnontepotius,Bacchepater‚teque,decensVenus‘l

255 2269 296 2326 Ac
313 2285 350 2325 ne
366 2265 432 2343 quis
448 2263 554 2324 modici
570 2263 715 2324 transiliat
730 2280 853 2322 munera
867 2263 977 2348 Liberi,
1040 2342 1041 2347 η

256 2349 418 2411 Centaurea
435 2359 535 2410 monet
550 2367 617 2408 cum
634 2348 765 2426 Lapithis
780 2347 841 2407 rixa
856 2367 947 2427 super
961 2368 1043 2409 mero

256 2434 413 2508 Debellata
429 2443 530 2495 monet
545 2433 686 2493 Sithoniis
702 2451 762 2493 non
779 2431 849 2493 levis
864 2432 985 2503 Euhius,

256 2519 328 2581 Cum
344 2522 385 2582 las
402 2529 489 2599 atque
505 2520 588 2578 nolas
603 2518 708 2595 exigno
724 2519 783 2577 fine
798 2516 951 2578 libidinum

256 2605 437 2667 Discernnnt
451 2604 533 2665 avidi.
564 2603 629 2664 Non
646 2621 701 2681 ego
717 2611 755 2675 te,
771 2602 894 2662 candide
908 2602 1061 2678 bassareu‚

254 2690 380 2752 lnvitnm
395 2690 522 2769 quatiam
538 2707 594 2749 nec
608 2687 695 2748 variis
709 2686 803 2748 obsita
817 2687 972 2748 frondibus

255 2776 315 2837 Sub
331 2777 428 2837 divum
444 2775 563 2855 rapiam.
596 2773 686 2834 Saeva
700 2781 769 2832 tene
784 2790 851 2834 cum
866 2772 1043 2854 berecyntio

255 2861 355 2922 Cornu
370 2874 517 2940 tympana,
534 2877 609 2936 quae
623 2857 814 2936 subsequitur
828 2875 933 2919 caecus
948 2876 1030 2918 amor
1044 2856 1088 2918 sui

254 2946 292 3006 Et
306 2947 413 3007 tollens
428 2963 551 3006 vacnum
567 2944 634 3022 plns
650 2943 740 3004 nimio
757 2943 848 3021 gloria
863 2944 1003 3005 verticem
1040 3001 1044 3006 .

164 3042 166 3044 ’
255 3031 422 3108 Arcanique
437 3030 510 3089 fides
525 3029 656 3107 prodiga,
672 3029 851 3108 perlucidior
865 3030 948 3090 vitro.

631 3281 696 3340 XlX

254 3399 345 3459 Mater
360 3416 442 3458 saeva
459 3397 637 3477 Cupidinum

299 3483 516 3562 Thebanaeque
531 3485 613 3546 iubet
627 3505 674 3546 me
691 3480 821 3547 Semelae
837 3505 913 3566 puer

254 3569 292 3630 Et
307 3569 410 3630 lasciva
426 3569 557 3630 Licentia

300 3654 405 3715 Finitis
420 3655 550 3715 animum
566 3658 689 3717 reddere
705 3657 863 3719 amoribus.

124 3791 327 3799 ὴ.-

210 3856 285 3908 XVlll
304 3875 327 3910 o.
346 3859 361 3908 5
380 3855 545 3922 increpatio)
568 3861 654 3922 crepet
676 3857 785 3908 Seruius
806 3859 843 3909 od
861 3860 893 3908 Α.
912 3856 921 3907 l
940 3857 988 3910 738
1013 3857 1018 3921 Ι
1042 3860 1056 3908 'i
1080 3859 1107 3908 at
1128 3857 1164 3921 (o)
1189 3855 1194 3924 1

127 3928 158 3978 15
173 3925 300 3977 extollens
318 3927 354 3991 (o)
373 3921 494 3975 attollens
512 3925 622 3976 Seruius
639 3925 676 3975 ad
692 3929 725 3979 A.
741 3927 774 3978 lx
793 3929 841 3978 630
859 3928 919 3990 (633
937 3925 983 3981 adl
