2656 4448
510 229 700 282 sannarum
718 231 728 282 1
746 234 769 284 2.

196 402 415 464 Libertinarum
439 404 515 477 dico,
538 404 689 464 Sallustius
712 405 741 465 in
766 423 838 482 quas

195 490 262 550 Non
287 489 385 550 minus
407 490 517 550 insanit
540 507 626 567 quam
650 489 701 566 qui
723 491 906 550 moechatur.
951 492 987 551 Aa
1008 493 1058 554 hic
1080 495 1114 568 si,

195 575 258 646 Qua
282 593 338 647 reS,
362 593 419 653 qua
443 575 517 635 ratio
540 575 677 634 suaderet
699 587 816 652 quaque
838 577 970 637 modeste
1155 591 1184 639 50

195 659 335 720 Munilico
358 679 423 722 esse
444 659 523 732 licet,
545 659 631 719 vellet
652 657 750 720 bonus
772 669 860 738 atque
883 661 1031 739 benignus

197 744 279 819 Esse,
302 744 386 805 daret
408 754 551 822 quantum
574 744 644 805 satis
667 755 745 806 esset
767 764 823 807 nec
845 746 900 807 sibi
924 747 1030 808 damno

196 829 400 908 Dedecorique
422 832 507 890 soret.
543 829 650 890 Verum
673 830 729 890 hoc
752 849 784 890 se
807 831 994 910 amplectitur
1016 852 1088 905 uno,

197 915 260 975 Hoc
282 925 359 975 amat
381 923 411 975 et
432 915 544 975 laudat:
564 908 743 975 ‘matronam
767 916 877 976 nullam
899 935 954 994 ego
976 911 1086 998 tango?

197 999 236 1060 Ut
258 1002 407 1078 quondam
431 1001 590 1072 Marsaeus,
613 1011 725 1060 amator
749 999 880 1078 Originis
902 1002 960 1075 ille,
1155 1014 1184 1062 55

198 1085 255 1156 Qui
278 1086 406 1164 patrium
428 1086 533 1147 mimae
555 1087 646 1146 donat
668 1086 853 1165 suadumque
876 1088 1036 1165 laremque,

196 1163 256 1230 ‘Nil
278 1171 366 1231 suerit
387 1164 435 1231 mi'
460 1171 557 1268 inquit
576 1163 657 1231 ‘cum
681 1171 822 1233 uxoribus
838 1191 978 1250 umquam
1001 1165 1121 1234 alienis.¹

199 1255 306 1315 Verum
330 1264 448 1316 etcum
472 1257 577 1328 mimis,
601 1266 645 1316 est
667 1274 734 1316 cum
758 1257 971 1331 meretricibus
993 1258 1074 1319 unde

200 1339 288 1400 Fama
312 1341 419 1401 malum
442 1341 559 1419 gravius
581 1359 667 1418 quam
691 1359 738 1402 res
761 1343 858 1401 trabit.
892 1345 937 1403 An
962 1344 1014 1404 tibi
1037 1342 1155 1404 abunde

200 1423 360 1486 Personam
382 1427 451 1488 satis
473 1435 526 1500 est,
550 1445 610 1485 non
634 1426 714 1498 illud,
738 1427 881 1504 quidquid
904 1427 1014 1506 ubique
1157 1437 1186 1487 60

203 1509 311 1584 efficit,
334 1508 464 1571 evitare?
486 1511 595 1571 bonam
618 1511 781 1590 deperdere
803 1513 919 1586 lamam,

201 1594 273 1656 Rem
290 1597 381 1676 patris
397 1596 548 1670 oblimare,
564 1597 673 1656 malum
689 1604 734 1656 est
747 1596 938 1674 ubicumque.
961 1597 1038 1668 Quid
1054 1599 1132 1658 inter

201 1680 256 1742 Est
277 1681 308 1741 in
331 1690 474 1755 matrona,
498 1680 603 1742 ancilla
625 1699 771 1759 peccesne
795 1680 914 1759 togata?

201 1765 303 1827 Villius
325 1767 355 1826 in
379 1767 487 1827 Fausta
510 1767 607 1827 Sullae
630 1784 747 1844 genere,
772 1767 828 1827 boc
850 1767 940 1827 miser
961 1785 1023 1827 uno

201 1850 328 1912 Nomine
350 1852 500 1931 deceptus,
524 1870 635 1931 poenas
658 1852 737 1912 dedit
760 1870 853 1930 usque
874 1871 1023 1930 superque
1160 1862 1189 1912 65

203 1936 297 2007 Quam
319 1938 388 1998 satis
411 1948 464 2012 est,
488 1938 596 2016 pugnis
619 1955 721 1997 caesus
743 1938 882 2015 ferroque
905 1937 1023 2016 petitus,

203 2021 349 2082 [inclusus
371 2023 444 2095 lore,
469 2041 535 2083 cum
558 2022 752 2102 Longarenus
776 2023 853 2083 soret
874 2021 964 2084 intus.

204 2107 280 2168 Huic
302 2108 326 2167 si
348 2109 492 2169 muttonis
513 2108 610 2168 verbis
633 2108 706 2168 mala
730 2117 810 2168 tanta
834 2108 942 2168 videnti

205 2192 321 2252 Diceret
344 2194 415 2254 baec
438 2194 554 2254 animus
573 2186 665 2264 ‘Quid
687 2193 729 2253 vis
751 2190 824 2253 tibi?
849 2193 992 2272 numquid
1014 2213 1069 2274 ego
1092 2212 1107 2254 a
1131 2202 1159 2253 te

205 2276 312 2356 Magno
335 2288 513 2357 prognatum
537 2281 665 2357 deposco
688 2279 811 2339 consule
834 2297 966 2339 cunnum
1149 2289 1192 2338 ‘rt

205 2361 397 2441 Velatumque
419 2364 502 2434 stola,
526 2383 590 2424 mea
613 2382 680 2423 cum
704 2363 872 2423 conferbuit
894 2360 982 2436 iral',

205 2445 282 2516 Quid
305 2446 522 2526 responderet?
541 2441 661 2524 ‘Magno
684 2455 768 2524 patre
792 2456 856 2506 nata
880 2448 976 2526 puella
999 2441 1063 2508 est'

206 2532 242 2591 At
265 2542 376 2609 quanto
400 2533 520 2593 meliora
543 2541 645 2593 monet
666 2531 889 2610 pugnantiaque
911 2533 975 2592 istis

206 2617 292 2677 Dives
315 2617 379 2694 opis
402 2626 507 2678 natura
528 2636 609 2689 suae,
632 2617 710 2678 tusi
734 2616 822 2675 modo
845 2625 926 2676 recte

206 2702 383 2780 Dispensare
407 2703 476 2762 velis
499 2721 533 2763 ac
555 2722 617 2762 non
640 2702 779 2781 fugienda
803 2701 937 2779 petendis
1164 2712 1192 2760 τᾶ

208 2786 379 2846 lnmiscero.
424 2787 488 2847 Tuo
511 2788 580 2849 vitio
603 2806 744 2847 rerumne
766 2786 893 2859 labores,

208 2872 255 2931 Nil
277 2872 388 2932 referre
411 2872 520 2950 putas?
545 2873 651 2945 Quare,
675 2892 712 2934 ne
735 2871 884 2950 paeniteat
907 2879 945 2944 te,

207 2957 315 3018 Desine
338 2967 488 3018 matronas
510 2959 660 3030 sectarier,
682 2960 761 3019 unde
784 2955 894 3017 laboris

209 3042 279 3103 Plus
302 3043 419 3103 baurire
442 3044 510 3104 mali
533 3053 577 3103 est
599 3062 687 3141 quam
710 3062 745 3104 ex
768 3060 800 3101 re
824 3042 984 3120 decerpere
1007 3040 1129 3100 fructus.

210 3127 270 3188 Nec
292 3127 383 3207 magis
405 3129 483 3200 huic,
508 3129 585 3189 inter
608 3130 708 3190 niveos
730 3127 888 3204 viridisque
911 3126 1024 3204 lapillos
1165 3134 1194 3185 80

209 3211 254 3273 Sit
275 3213 352 3286 licet,
375 3215 441 3287 hoc,
458 3213 606 3287 Cerintho,
630 3223 681 3275 tuo
698 3223 834 3275 tenerum
850 3220 893 3273 est
908 3213 1003 3272 lemur
1018 3219 1069 3272 aut
1083 3205 1152 3271 crus

211 3297 339 3371 Rectius,
362 3310 450 3379 atque
473 3300 559 3361 etiam
583 3300 687 3361 melius
709 3317 852 3444 persaepe
874 3306 990 3376 togatae
1012 3306 1065 3358 est.

210 3383 290 3443 bdde
314 3384 371 3444 huc
394 3386 474 3464 quod
496 3404 624 3446 mercem
647 3386 711 3446 sine
734 3384 808 3445 lucis
830 3392 933 3463 gestat,
957 3391 1056 3461 aperte

210 3467 296 3538 Quod
320 3470 422 3531 renale
444 3470 533 3531 habet
556 3471 685 3532 ostendit
707 3490 772 3543 nec,
795 3469 892 3547 siquid
915 3467 1031 3527 honesti
1055 3474 1108 3539 est,

124 3621 328 3635 ..—,.....-—-

211 3721 272 3772 llv.
291 3726 320 3773 51
343 3721 556 3788 munificumlb3
575 3723 710 3786 peccesne]
728 3725 775 3786 (υ)·
799 3719 991 3786 peccesuelbt
1009 3718 1153 3781 genere]o.
1171 3715 1195 3765 d.

125 3795 198 3842 mim
213 3793 313 3842 observ.
325 3790 441 3841 llAmcl.
463 3792 569 3854 1733p.
587 3792 672 3853 88sq,
690 3806 719 3838 ru
738 3791 810 3854 quod
827 3791 924 3852 etipse
942 3786 1027 3836 incidi
1044 3785 1147 3849 (genere
1165 3797 1194 3833 ac

127 3861 203 3912 miser
222 3859 355 3910 trucem
379 3876 442 3909 ann
463 3859 530 3922 phil.
555 3861 597 3921 91,
620 3859 753 3921 4θθεᾳᾳη)
782 3872 859 3922 gener
876 3872 891 3904 υ
909 3869 1003 3919 genero
1022 3851 1192 3919 Meinelriusl

127 3930 161 3981 68
179 3927 290 3979 uideatis
308 3925 363 3994 (vll
380 3929 410 3979 78
431 3927 522 3978 sectari
541 3935 669 3978 matronas
684 3925 688 3991 Ι
705 3927 733 3977 81
757 3929 809 3987 tuo]
828 3927 875 3988 (o):
895 3929 965 3973 laum
981 3924 985 3989 Ι
1002 3923 1033 3974 82
1053 3927 1093 3971 est
1111 3935 1160 3970 om
