2656 4448
421 236 425 244 '
498 249 671 301 cacumen
689 250 698 301 1
717 253 758 303 aa.
778 253 818 303 aa.
929 236 931 241 ⁴

607 421 712 480 XXXll

255 539 418 600 Poscimur.
446 538 547 617 Siquid
564 539 646 600 vacui
662 539 717 601 suh
733 539 837 600 umbra

254 623 390 685 Lusimus
405 634 513 696 tecum,
529 624 606 702 quod
624 632 653 684 et
668 626 748 685 hunc
763 626 793 685 in
811 642 922 686 annum

254 709 335 768 Vivat
350 718 379 768 et
394 708 496 786 pluris,
512 726 565 786 age
581 709 627 769 dic
642 709 791 782 latinum,

330 793 458 866 Barbite‚
474 812 604 865 carmen,

253 925 360 989 Lesbio
376 928 504 1006 primum
519 929 668 988 modulate
684 929 748 1000 civi,

254 1011 310 1083 Qui
327 1013 411 1073 ferox
425 1013 513 1086 bello,
529 1021 626 1073 tamen
643 1014 720 1075 inter
735 1031 815 1073 arma

254 1096 319 1158 Sive
336 1098 470 1158 iactatam
488 1097 625 1176 religarat
639 1097 698 1158 udo

328 1183 429 1244 Litore
444 1182 551 1256 navim,

254 1315 394 1376 Liberum
411 1325 440 1378 et
455 1315 551 1378 Musas
567 1318 773 1397 Veneremque
789 1328 817 1378 et
833 1319 874 1379 illi

254 1401 378 1479 Semper
394 1402 565 1461 haerentem
580 1420 707 1480 puerum
723 1402 849 1463 canebat

254 1485 291 1545 Et
306 1484 419 1565 Lycum
436 1485 528 1564 nigris
545 1486 638 1546 oculis
654 1486 798 1565 nigroque

332 1569 421 1631 Crine
436 1571 587 1631 decorum.
603 1606 645 1615 -

256 1701 280 1762 Ο
297 1704 387 1766 decus
402 1705 514 1766 Phoebi
530 1714 560 1766 et
574 1705 699 1784 dapibus
713 1705 845 1784 supremi

254 1786 341 1849 Grata
356 1789 472 1851 testudo
488 1790 572 1863 lovis,
588 1810 605 1850 o
621 1791 756 1851 laborum

255 1872 345 1935 Dulce
360 1875 500 1950 lenimen,
516 1875 587 1935 mihi
603 1894 730 1954 cumque
745 1875 822 1936 salve

331 1959 396 2021 Rite
410 1961 542 2021 vocantil

602 2245 720 2306 XXXlll

255 2361 331 2432 Albi,
348 2381 387 2424 ne,
402 2363 500 2425 doleas
514 2363 581 2442 plus
598 2364 689 2424 nimio
704 2383 826 2443 memor

256 2447 371 2508 lnmitis
386 2446 526 2527 Glycerae
542 2467 602 2531 neu
616 2449 790 2511 miserabilis

256 2532 399 2593 Decautes
414 2533 523 2610 elegos,
540 2534 594 2593 cur
607 2533 661 2594 tibi
676 2535 776 2595 iunior

334 2617 424 2678 laesa
441 2618 604 2695 praeniteat
618 2620 683 2679 lide.

202 2743 205 2748 ’
255 2750 407 2830 lnsignem
423 2752 505 2813 tenui
522 2753 620 2813 lronte
635 2754 778 2832 Lycorida

256 2834 322 2915 Cyri
337 2844 432 2896 torret
445 2854 537 2906 amor,
553 2837 646 2916 Cyrus
661 2839 691 2897 in
708 2855 842 2916 asperam

176 2960 177 2964 =
255 2919 389 2981 Decliuat
404 2920 552 2995 Pholoen;
568 2921 619 2981 sed
635 2922 717 3000 prius
733 2922 835 3001 Apulis

333 3006 500 3084 Iungentur
515 3023 639 3084 capreae
654 3006 731 3086 lupis

257 3140 350 3211 Quam
368 3142 447 3220 turpi
463 3140 574 3201 Pholoe
589 3149 695 3220 peccet
709 3141 851 3202 adultero.

168 3275 171 3281 .
256 3225 306 3286 Sic
321 3226 414 3287 visum
431 3227 547 3299 Veneri,
564 3227 612 3287 cui
628 3226 724 3305 placet
740 3227 859 3306 imparis

257 3309 378 3372 Formas
394 3320 482 3390 atque
498 3312 612 3373 animos
627 3311 682 3372 sub
698 3312 765 3391 iuga
781 3330 872 3372 aenea

332 3397 425 3457 Saevo
441 3397 558 3457 mittere
573 3416 641 3458 curn
657 3397 733 3457 ioco.

125 3529 329 3538 ———..-

214 3643 303 3696 XXXll
321 3663 345 3698 υ.
365 3650 376 3698 1
397 3646 530 3699 Poscimus
545 3646 550 3715 Ι
565 3650 580 3698 3
593 3648 728 3712 eir-gulam
739 3651 800 3713 pout
817 3646 896 3712 pluris
909 3662 958 3697 om.
971 3649 1006 3698 al,
1019 3650 1060 3710 (=
1074 3647 1199 3714 Perpau

131 3716 162 3767 15
180 3713 242 3764 milti
261 3718 379 3781 cumque]
398 3713 433 3776 cf.
448 3715 476 3766 G.
489 3716 650 3765 Autearietlr
668 3731 732 3768 ann,
748 3716 814 3781 poet.
832 3714 918 3779 suppl.
932 3715 955 3778 6,
975 3716 1037 3772 2853
1057 3714 1088 3763 H.
1103 3712 1201 3777 Wteil).

127 3797 183 3832 rev.
202 3785 261 3832 crit.
281 3784 346 3835 1888
360 3798 388 3848 p.
401 3786 463 3836 507:
483 3783 553 3846 mihi,
571 3782 664 3848 cuique
676 3783 760 3833 Beretl.
774 3782 951 3848 medicumque
963 3782 1151 3833 Laetmonmce
1168 3782 1204 3832 ad

126 3850 208 3902 Lacr.
233 3848 256 3898 V
284 3853 332 3903 311
356 3851 525 3918 melicumque
548 3851 642 3920 Brady
665 3851 797 3902 Hermatle.
822 3852 837 3902 3
861 3865 885 3903 a.
912 3851 976 3902 1815
999 3865 1025 3914 p.
1051 3850 1099 3900 195
1123 3853 1203 3899 metu-

126 3931 221 3983 untque
239 3919 313 3969 Aem.
330 3917 481 3985 lloeenherg
