2656 4448
528 220 699 272 cluntuun
717 222 746 273 lll
765 226 788 274 b.
807 227 830 275 6.

273 390 365 460 Quam
389 391 413 450 si
436 390 574 451 clientum
599 393 686 470 longa
710 396 826 473 negotia

273 474 433 534 Diiudicata
457 476 506 534 lite
529 477 719 555 relinqueret,

199 569 228 617 55
315 559 453 619 Tendens
477 560 658 623 Venafranos
680 564 709 623 in
734 582 820 642 agros

370 645 424 703 dut
449 644 713 707 Lacedaemonium
737 649 909 710 Tarentum.

603 836 758 844 ——-.-

662 966 698 1026 VI

268 1083 378 1145 Delicta
401 1084 543 1143 maiorum
568 1085 722 1144 inmeritus
744 1084 816 1158 lues,

269 1171 411 1239 Romane,
435 1170 530 1228 donec
553 1168 660 1247 templa
684 1170 823 1231 refeceris

310 1254 454 1329 dedisque
477 1253 601 1313 labentis
624 1253 745 1312 deornm
770 1263 799 1313 et

365 1337 460 1396 Foeda
484 1338 568 1414 nigro
591 1338 745 1397 simulacra
767 1340 858 1399 lumo.

209 1469 223 1516 5
267 1456 316 1516 Dis
339 1466 367 1516 te
390 1456 534 1514 minorem
558 1456 637 1533 quod
660 1456 746 1533 geris,
770 1457 913 1536 imperas:

268 1540 344 1601 Hinc
368 1559 456 1600 omne
478 1541 668 1619 principium,
691 1541 750 1600 buc
773 1545 852 1602 rosor
874 1544 998 1603 exitnml

310 1626 342 1685 bi
366 1625 457 1685 multa
481 1627 606 1704 neglecti
630 1626 775 1685 dederunt

366 1711 525 1789 Hesperiae
548 1711 622 1769 mala
645 1712 807 1773 luctuosae.

265 1830 324 1889 lam
349 1829 395 1888 bis
418 1829 571 1887 Monaeses
594 1839 622 1886 et
646 1829 748 1887 Pacori
773 1846 878 1888 manus

200 1925 226 1973 10
270 1914 335 1973 Non
360 1915 526 1990 auspicatos
549 1912 682 1972 contudit
705 1913 831 1991 impetus

304 1999 427 2058 Nostros
450 2007 479 2056 et
500 1997 638 2057 adiecisse
661 1998 798 2075 praedam

362 2082 529 2160 Torquibus
553 2082 664 2159 exiguis
687 2082 813 2142 renidet.

262 2202 359 2261 Paene
383 2208 554 2277 occupatam
578 2200 771 2260 seditionibus

262 2284 373 2345 Delcvit
394 2284 498 2342 urbem
522 2284 617 2344 llacus
640 2295 668 2343 et
690 2286 841 2363 Aethiops

192 2379 218 2428 15
305 2370 359 2429 llic
382 2369 472 2429 classe
495 2370 678 2443 formidatus,
701 2370 748 2429 ille

359 2454 518 2514 Missilibus
541 2455 648 2514 melior
669 2455 789 2531 sagittis.
814 2491 855 2498 —

261 2572 397 2632 Fecunda
421 2573 524 2651 culpae
546 2572 660 2632 saecula
686 2573 804 2651 nuptias

261 2657 389 2718 Primum
414 2657 605 2735 inquinavere
628 2667 657 2716 et
679 2676 774 2734 genus
796 2666 825 2717 et
848 2658 967 2719 domos:

306 2743 369 2802 Hoc
390 2745 472 2803 sonte
495 2742 621 2801 derivata
645 2742 740 2801 clades

187 2839 214 2888 1)
357 2828 389 2887 ln
414 2828 537 2906 patriam
560 2827 764 2904 populumque
786 2826 878 2886 lluxit.

258 2947 355 3006 Motus
377 2947 478 3006 doceri
501 2945 608 3023 gaudet
630 2945 747 3005 lonicos

259 3031 369 3091 Matura
392 3032 474 3108 virgo
497 3040 526 3090 et
548 3030 670 3108 fingitur
692 3031 803 3090 artibus

305 3116 364 3173 lam
389 3134 469 3174 nunc
492 3125 522 3175 et
544 3115 673 3174 incestos
695 3132 810 3174 amores

356 3199 398 3259 De
420 3211 522 3259 tenero
547 3199 704 3258 meditatur
727 3199 829 3276 ungui.

185 3328 213 3376 25
258 3317 326 3376 Mox
348 3317 479 3377 iuniores
502 3317 616 3394 quaerit
639 3317 787 3376 adulteros

256 3401 338 3461 Inter
360 3403 457 3462 mariti
479 3402 545 3460 vina
570 3420 667 3479 neque
691 3402 772 3478 eligit

304 3487 355 3547 Cui
380 3487 471 3548 donet
491 3487 672 3564 impermissa
695 3486 799 3564 raptim
839 3509 842 3514 ²

354 3571 464 3631 Gaudia
486 3572 646 3631 luminibus
669 3572 798 3642 remotis,

213 3823 245 3873 Vl
262 3839 286 3877 o.
308 3825 336 3873 ll
358 3822 452 3874 nostris
476 3824 557 3874 Prisc.
576 3822 598 3872 ll
616 3822 632 3888 ξ
651 3827 683 3875 25
702 3828 728 3872 et
743 3823 786 3873 cel
808 3827 847 3872 rie
864 3821 905 3872 vel
922 3826 1065 3873 nostrorum
1084 3823 1170 3875 Bentl.
1190 3820 1196 3893 Ι

127 3892 158 3942 22
177 3891 266 3942 acerba
286 3891 315 3941 M
337 3890 341 3954 Ι
365 3891 470 3942 artubus
