2656 4448
541 229 740 282 cnRMlNUlul
763 233 803 283 21.
823 231 862 282 22.

673 401 738 461 xxi

299 521 421 582 Dianam
438 530 559 581 tenerae
575 521 662 580 dicite
678 520 816 596 virgines,

298 606 464 678 lutonsum‚
481 606 576 684 pueri,
593 604 679 664 dicite
696 603 852 683 Cynthium

349 690 550 769 Latonamque
565 707 705 769 supremo

396 775 535 835 Dilectam
553 775 670 853 penitus
686 772 762 845 lovi;

241 923 255 971 5
299 911 357 970 Vos
372 910 476 971 laetam
492 911 586 971 lluviis
602 920 631 971 et
647 927 802 970 nemorum
818 924 911 978 coma,

300 995 510 1074 Quaecumque
526 1004 575 1055 aut
590 995 685 1073 gelido
702 995 850 1072 prominet
866 991 967 1070 Algido

346 1080 443 1159 Nigris
459 1090 508 1140 aut
523 1079 696 1158 Erymanthi

397 1165 481 1225 Silvis
496 1173 546 1224 aut
560 1164 659 1224 viridis
675 1163 769 1241 Gragi,

301 1303 358 1361 Vos
374 1300 485 1377 Tempe
501 1300 620 1359 totidem
639 1298 729 1358 tollite
745 1296 878 1357 laudibus

231 1396 258 1445 11
302 1385 501 1461 Natalcmque‚
518 1402 622 1455 mares,
639 1383 731 1442 Delon
749 1382 892 1460 Apollinis

347 1469 556 1546 Insignemque
572 1469 708 1546 pharetra

399 1553 598 1631 Fraternaque
614 1570 748 1612 umerum
765 1552 834 1629 lyra.

302 1689 356 1749 Hic
372 1688 480 1749 bellum
497 1687 692 1757 lacrimosum,
710 1688 757 1747 hic
773 1686 909 1746 miseram
925 1688 1032 1749 samem

302 1773 475 1850 Pestemque
491 1790 507 1832 a
523 1773 633 1850 populo
650 1781 678 1830 et
694 1771 829 1848 principe
844 1770 967 1832 Caesare
982 1772 1012 1833 in

231 1867 258 1917 tc
348 1857 451 1917 Persas
467 1865 555 1933 atque
571 1856 729 1916 Britannos
761 1902 765 1910 ,

400 1940 501 2000 Vestra
518 1950 615 2000 motus
631 1951 696 2018 aget
713 1959 809 2019 prece.

637 2141 786 2153 υ*-

674 2293 753 2353 XXll

304 2412 423 2488 Integer
437 2408 511 2468 vitae
527 2410 705 2490 scelerisque
720 2431 814 2490 purus

303 2497 368 2556 Nou
386 2502 451 2570 eget
466 2493 574 2555 Mauris
590 2495 690 2557 iaculis
706 2515 802 2574 neque
817 2513 888 2556 arcu

304 2581 364 2641 Nec
381 2578 530 2638 venenatis
545 2582 662 2656 gravida
677 2582 798 2659 sagittis,

381 2663 485 2736 Fusco,
502 2664 648 2741 pharetra,

247 2813 261 2860 5
306 2801 370 2860 Sive
389 2820 443 2879 per
458 2801 551 2880 Syrtis
567 2801 623 2860 iter
638 2807 786 2860 aestuosas

304 2885 370 2945 Sive
388 2886 520 2946 lecturus
535 2903 589 2963 per
603 2884 810 2963 inhospitalem

305 2970 466 3031 Caucasum
481 2971 525 3028 vel
541 2987 615 3047 quae
631 2970 693 3030 loca
709 2969 859 3031 fabulosus

381 3053 496 3113 Lambit
510 3053 670 3133 Hydaspes.

306 3189 438 3265 Namque
454 3206 501 3247 me
517 3187 586 3247 silva
601 3188 689 3266 lupus
704 3189 734 3247 in
752 3186 869 3256 Sabina,

236 3285 263 3333 10
306 3272 383 3334 Dum
399 3291 493 3334 meam
510 3281 596 3331 canto
613 3272 738 3350 Lalagen
756 3287 784 3331 et
799 3270 874 3330 ultra

306 3358 479 3418 Termiuum
496 3357 575 3417 curis
589 3374 678 3434 vagor
694 3355 846 3434 expeditis

384 3442 469 3521 Fugit
484 3441 636 3513 inermem,

267 3691 324 3742 xxl
341 3709 365 3746 o.
386 3695 400 3743 5
419 3706 517 3742 comam
541 3689 546 3758 Ι
573 3691 603 3740 12
616 3690 734 3741 humeros
754 3693 785 3740 oi.
806 3689 863 3739 Η-Ρ
884 3686 889 3754 Ι
915 3692 944 3741 13
964 3689 1028 3740 haec
1046 3689 1141 3741 bellum
1159 3691 1251 3744 Dulc-

182 3761 275 3812 meliua
293 3764 357 3809 teste
376 3759 426 3821 OK,
445 3759 529 3809 Benll.

265 3827 332 3878 xxii
349 3843 373 3878 o.
392 3829 407 3878 2
425 3825 505 3878 lllauri
524 3828 558 3889 (v)
574 3827 578 3886 Ι
595 3828 608 3876 'l
627 3825 770 3887 fabulosus]
782 3851 816 3870 =
829 3824 901 3876 Loci.
920 3828 980 3877 inat.
1000 3825 1053 3878 dio.
1073 3825 1095 3874 V
1115 3830 1158 3879 17:
1177 3827 1249 3881 labo.

181 3895 235 3947 losa
255 3897 276 3959 (s
295 3900 351 3946 eta
370 3911 405 3948 m.
425 3898 450 3959 2)
469 3895 543 3945 Loci.
562 3893 618 3946 cod.
637 3896 697 3945 Par.
719 3894 850 3960 1664111
871 3893 1004 3959 expeditus
1023 3895 1057 3956 (υ)
