2656 4448
471 217 700 270 EPISTULARUM
718 218 727 268 Ι
748 222 786 273 19.
805 221 846 272 20.

208 391 238 452 Si
263 389 331 463 dixi,
351 382 461 450 ‘Rides'
487 391 536 462 ait,
556 383 599 450 ‘et
620 390 696 451 lovis
719 390 840 452 auribus
862 391 917 452 ista

210 476 331 549 Servas3
355 474 420 535 fidis
443 476 532 547 enim
555 493 675 536 manare
698 477 814 555 poetica
835 476 921 536 mella

207 560 250 621 Te
272 521 377 633 solium,
401 559 454 620 tibi
479 550 622 640 pulcher?
663 562 707 620 Ad
730 562 801 621 haec
824 580 878 640 ego
903 561 1022 621 naribus
1044 561 1087 621 uti
1168 573 1197 621 tt

208 644 399 706 Formidot
370 654 408 715 et,
430 645 570 706 luctantis
592 655 678 706 acuto
702 664 740 706 ne
763 663 846 706 secer
868 646 972 724 ungui,

204 724 359 810 ‘Displicet
381 731 434 790 iste
457 720 570 791 locosl'
597 731 691 790 clamo
715 742 745 790 et
766 729 874 790 diludia
898 750 1001 810 posco.

208 816 310 876 Ludus
333 815 411 875 enim
435 815 538 911 genuit
561 816 708 894 trepidum
732 827 881 875 conamen
905 825 935 876 et
956 816 1037 887 iram

208 901 254 961 lra
278 900 368 961 trucis
390 900 556 961 inimicitias
579 910 608 960 et
630 901 756 962 funebre
779 900 898 960 bellum.

632 1120 683 1180 XX

211 1221 406 1281 Vertumnum
430 1220 602 1298 unumque,
628 1222 711 1294 liber,
735 1233 869 1300 spectare
893 1222 1009 1294 videris,

212 1307 330 1367 Scilicet
352 1318 385 1366 ut
407 1318 525 1384 prostes
548 1308 699 1367 Sosiorum
724 1307 841 1385 pumice
865 1308 1003 1368 mundus·

213 1392 306 1453 Odisti
329 1391 416 1451 clavis
439 1403 468 1451 et
490 1402 572 1469 grata
595 1393 688 1469 sigilla
712 1392 835 1470 pudico;

209 1477 313 1538 Paucis
336 1475 451 1536 ostendi
474 1477 566 1553 gemis
590 1488 619 1536 et
642 1477 809 1537 communia
832 1476 940 1548 laudas,

209 1561 276 1622 Non
299 1562 338 1620 ita
362 1560 499 1621 nutritus.
545 1561 625 1638 Fuge
649 1581 707 1639 quo
731 1560 911 1622 descendere
933 1561 1037 1638 gestis!
1183 1574 1225 1622 δ’

209 1646 277 1707 Non
302 1646 358 1706 erit
381 1646 488 1705 emisso
511 1646 622 1707 reditus
644 1647 706 1706 tibi.
747 1639 840 1717 ‘Quid
862 1645 952 1705 miser
974 1646 1029 1723 egi,

210 1731 286 1802 Quid
311 1726 424 1789 volui‘l'
449 1730 538 1805 dices,
562 1732 611 1792 ubi
635 1733 706 1810 quid
727 1741 757 1791 te
779 1730 911 1804 laeserit;
936 1740 965 1789 et
987 1731 1043 1791 scis

207 1816 242 1876 ln
265 1816 355 1877 breve
378 1825 407 1874 te
430 1815 506 1894 cogi,
529 1835 595 1876 cum
620 1818 728 1895 plenus
750 1815 872 1894 languet
893 1825 1015 1875 amator.

208 1900 320 1971 Quodsi
343 1919 405 1961 uon
429 1900 497 1960 odio
520 1903 672 1980 peccantis
694 1900 801 1980 desipit
824 1918 928 1978 augur,

209 1985 300 2047 Carus
322 1985 381 2046 eris
403 1985 524 2060 Romae,
548 1987 644 2048 donec
666 1997 694 2046 te
718 1987 834 2047 deserat
856 1996 950 2058 aetas;
1171 1998 1198 2047 to

207 2070 415 2132 Contrectatus
438 2071 489 2132 ubi
512 2070 649 2134 manibus
672 2072 844 2133 sordescere
867 2070 944 2148 volgi

210 2154 360 2235 Coeperis‚
385 2167 435 2216 aut
457 2157 551 2218 tineas
575 2176 678 2236 pasces
700 2157 865 2218 taciturnus
888 2155 993 2216 inertis

210 2245 269 2301 dut
289 2241 386 2320 fugies
408 2241 521 2302 Uticam
544 2255 595 2304 aut
616 2243 732 2304 vinctus
752 2241 878 2303 mitteris
900 2241 1034 2301 Ilerdam.
1103 2287 1105 2291 ,

210 2326 328 2386 llidebit
349 2326 480 2386 monitor
504 2346 563 2387 non
589 2328 750 2398 exauditus,
774 2327 886 2398 utillo,

211 2410 268 2481 Qui
290 2411 366 2470 male
387 2419 544 2505 parentem
566 2411 596 2470 in
620 2430 710 2489 rupes
732 2411 878 2488 protrusit
900 2410 1022 2471 asellum
1171 2422 1199 2471 15

210 2495 320 2557 Iratus:
346 2495 412 2573 quis
434 2495 514 2554 enim
536 2495 660 2555 invitum
684 2512 799 2556 servare
823 2492 959 2554 laboret?

210 2580 274 2640 Hoc
297 2598 417 2659 quoque
439 2589 468 2639 te
490 2589 599 2653 manet,
623 2590 787 2657 putueros
809 2579 955 2638 elementa
977 2578 1131 2639 docentem

211 2664 346 2744 Occupet
370 2665 508 2725 extremis
530 2665 560 2724 in
584 2664 656 2724 vicis
678 2664 762 2723 balba
782 2673 929 2727 senectus.

211 2750 282 2811 Cum
306 2751 359 2810 tibi
381 2750 426 2810 sol
448 2749 564 2828 tepidus
586 2749 680 2828 pluris
702 2747 864 2809 admoverit
852 2749 972 2820 tauris,

211 2835 257 2896 Me
279 2835 418 2895 libertino
442 2846 544 2895 natum
567 2845 650 2914 patre
674 2834 755 2893 etin
779 2834 862 2894 tenui
884 2852 917 2893 re

212 2921 337 2981 Maiores
359 2921 467 2999 pinnas
489 2921 560 2980 nido
583 2919 750 2980 extendisse
772 2919 914 2997 loqueris,

213 3005 250 3066 Ut
273 3015 417 3085 quantum
440 3006 542 3082 generi
565 3007 673 3075 demas,
697 3004 853 3064 virtutibus
876 3003 979 3077 addas;

211 3091 257 3151 llle
280 3090 382 3170 primis
406 3091 488 3152 urbis
510 3090 578 3151 belli
601 3089 746 3170 placuisse
769 3089 917 3166 domique,

212 3175 351 3255 Corporis
374 3177 480 3256 exigui,
504 3194 694 3255 praecanam,
717 3174 829 3235 solibus
851 3184 962 3252 aptum,

212 3261 301 3322 lrasci
324 3261 460 3334 celerem,
483 3272 582 3322 tamen
606 3272 638 3321 ut
659 3259 810 3339 placabilis
833 3277 937 3319 essem.

211 3346 300 3407 Forte
322 3365 421 3407 meum
444 3347 537 3425 siquis
559 3358 588 3406 te
611 3344 836 3424 percontabitur
858 3361 971 3414 aevum,

212 3431 258 3492 Me
282 3442 387 3510 quater
409 3433 544 3492 undenos
567 3432 641 3492 sciat
662 3430 827 3508 implevisse
850 3426 1031 3499 Decembris,

213 3516 370 3594 Conlegam
393 3516 537 3593 Lepidum
561 3535 620 3594 quo
644 3516 727 3575 duxit
750 3515 861 3576 Lollius
883 3533 972 3575 anno.

212 3648 308 3767 llllltil
317 3652 358 3767 747
352 3648 429 3784 qtiiltel
447 3719 477 3768 10
496 3715 596 3766 deseret
614 3718 648 3779 (c)
668 3716 761 3766 deserit
779 3718 813 3779 tu)
829 3715 833 3779 Ι
849 3717 878 3766 21
899 3728 996 3778 pennas
1014 3715 1048 3775 (c)
1065 3718 1068 3774 l
1084 3715 1117 3764 24
1136 3712 1198 3763 soli·

128 3785 176 3836 bus
203 3788 299 3851 aptum]
326 3733 369 3845 ef.
382 3785 614 3835 admonitiuncula
638 3785 788 3834 Horatiana
811 3799 840 3832 ιιι
863 3783 919 3831 ond.
936 3781 1018 3832 schol
1038 3779 1113 3831 Vral
1133 3784 1197 3831 dest.

128 3870 152 3904 a.
173 3855 238 3906 1889
253 3854 258 3919 Ι
274 3852 337 3903 dixit
354 3856 389 3917 (v)
407 3853 572 3916 Doerirtgr'dr

948 3984 994 4036 14*
