2656 4448
533 240 707 294 ultumum
724 245 734 296 l
752 246 794 297 35.

259 415 301 474 Te
317 415 412 476 Dacus
428 434 522 494 asper,
538 424 567 475 te
582 416 702 494 profugi
718 417 842 494 Scythae

259 499 414 578 Urbesque
430 508 594 579 gentesque
610 508 639 560 et
654 500 769 573 latium
786 502 869 563 ferox

304 584 478 664 Regumque
493 595 601 645 matres
616 584 809 646 barbarorum
825 596 854 647 et

357 670 502 748 Purpurei
517 679 655 731 metuunt
670 671 797 749 tyranni,

261 804 407 866 lniurioso
422 824 460 865 ne
476 804 551 884 pede
566 823 691 884 proruas

262 889 393 949 Stantem
409 890 576 950 columnam
593 907 651 949 neu
668 889 797 968 populus
811 892 956 969 frequens

307 975 350 1033 Ad
366 992 443 1034 arma
459 974 610 1048 cessantis,
626 975 662 1034 ad
679 993 758 1034 arma

359 1059 494 1119 Concitet
508 1059 724 1138 imperiumque
740 1061 856 1137 frangat
862 1079 870 1135 ;

261 1194 303 1255 Te
319 1212 436 1273 semper
451 1195 542 1255 anteit
557 1213 641 1256 saera
656 1194 830 1268 Necessitas,

260 1279 362 1340 Claros
376 1279 494 1340 trabalis
510 1289 539 1340 et
554 1298 666 1340 cuneos
679 1297 770 1341 manu

305 1364 429 1424 Gestaris
444 1381 516 1424 aena
532 1381 587 1424 nec
602 1382 721 1425 severus

355 1447 457 1509 Uncus
473 1448 555 1508 abest
570 1448 773 1526 liquidumque
789 1449 953 1528 plumbum,

259 1582 301 1644 'l'e
318 1584 392 1662 Spes
408 1592 437 1643 et
452 1582 518 1643 albo
533 1600 599 1642 rara
615 1581 701 1642 Fides
716 1583 785 1644 colit

260 1668 359 1728 Velata
375 1682 476 1747 panno
493 1686 549 1727 nec
565 1667 702 1727 comitem
718 1667 852 1745 abnegat,

306 1753 472 1830 Utcumque
487 1761 597 1812 mutata
612 1753 742 1830 potentis

358 1839 445 1898 Veste
460 1837 564 1897 domos
579 1837 698 1897 inimica
714 1837 833 1916 linquis,

260 1973 298 2032 lt
311 1972 414 2050 volgus
428 1972 551 2032 infidum
568 1982 597 2033 et
611 1974 750 2034 meretrix
765 1983 845 2034 retro

260 2057 380 2118 Periura
396 2057 482 2130 cedit,
499 2057 658 2135 diffugiunt
673 2059 752 2120 cadis

306 2141 378 2203 Cum
394 2143 475 2202 faece
490 2142 605 2203 siccatis
621 2142 715 2215 amici,

355 2227 445 2287 Ferre
461 2227 561 2305 iugum
577 2228 688 2306 pariter
703 2228 812 2289 dolosi:

259 2363 361 2423 Serves
376 2363 487 2422 iturum
503 2362 655 2423 Caesarem
672 2364 701 2422 in
719 2364 837 2424 ultimos

259 2445 346 2506 Orbis
361 2446 519 2508 Britannos
535 2457 563 2507 et
578 2448 717 2508 iuvenum
732 2466 839 2508 recens

304 2530 446 2604 Examen,
462 2531 532 2593 Eois
548 2533 712 2593 timendum

355 2616 492 2678 Partibus
508 2617 690 2695 Oceanoque
705 2617 808 2677 rubro.

259 2748 334 2822 Heu,
350 2751 407 2812 heu
424 2752 594 2812 cicatricum
611 2762 640 2811 et
654 2752 774 2813 sceleris
789 2753 880 2830 pudet

257 2833 468 2914 Fratrumqnel
486 2837 555 2914 quid
573 2855 628 2896 nos
645 2836 717 2895 dura
733 2835 896 2912 refugimus

306 2918 414 2980 Aetas?
432 2921 500 2998 quid
517 2921 660 2980 intactum
677 2920 781 2979 nefasti

355 3002 529 3081 Liquimus‘l
546 3002 625 3064 unde
641 3022 760 3063 manum
776 3003 912 3065 iuventus

258 3136 339 3197 Metu
355 3138 477 3199 deorum
494 3136 663 3200 continuit?
680 3137 787 3216 quibus

257 3222 394 3301 Pepercit
408 3221 488 3284 aris?
505 3224 529 3284 Ο
546 3225 657 3284 utinam
675 3243 751 3284 nova

304 3306 416 3368 lncude
432 3310 567 3386 diffingas
583 3319 715 3370 retusum
732 3309 763 3370 in

353 3392 529 3471 Massagetas
544 3394 713 3472 Arabasque
728 3394 857 3455 ferruml
1131 3403 1160 3453 to

130 3525 331 3532 --————-.

212 3640 305 3692 XXXV
322 3657 346 3693 v.
366 3646 397 3693 17
416 3658 488 3694 serua
509 3644 513 3707 Ι
536 3645 568 3693 22
592 3643 704 3707 abnegas
725 3643 909 3694 Doederleinii
932 3642 1042 3692 auditor
1065 3642 1099 3705 (a.
1128 3642 1203 3705 1830)

125 3708 371 3843 ὣθέτθιξῃὶὲεθιέσῖιυῖ.
390 3709 523 3772 Acisalitae
540 3709 559 3760 ll
578 3709 711 3778 216rqql
728 3714 759 3764 33
778 3711 828 3762 beu
845 3727 861 3760 υ
880 3710 945 3761 eheu
962 3711 997 3773 (a)
1013 3710 1017 3776 Ι
1033 3712 1065 3761 39
1084 3707 1203 3759 diffindas

595 3881 744 3889 —-—.
