2656 4448
577 217 708 272 EPODON
727 225 750 273 b.

198 463 200 467 ἲ
249 393 344 464 Nunc,
369 410 451 451 nunc
474 390 582 465 adeste,
606 392 740 453 nuncin
764 393 877 456 hostilis
899 396 1004 456 domos

297 476 371 537 lram
395 485 483 554 atque
506 495 616 536 numen
640 477 753 537 vertite.

251 561 553 623 Formidolosisdum
576 562 669 622 latent
691 561 769 623 silvis
791 564 870 624 lerae

297 646 382 706 Dulci
405 665 513 726 sopore
535 646 700 725 languidae,

252 730 369 804 Senem,
394 732 471 809 quod
496 750 599 792 omnes
622 732 745 806 rideant,
768 732 933 794 adulterum

297 816 419 876 latrent
441 816 615 878 Suburanae
637 835 737 890 caneS,

250 900 348 961 Nande
370 911 558 980 perunctum,
582 902 668 981 quale
692 921 752 962 non
776 904 935 983 perfectius

298 987 379 1046 Meae
401 986 563 1047 laborarint
585 1006 699 1047 manus.
722 1022 765 1032 —

253 1071 329 1142 Quid
352 1069 479 1132 accidit?
502 1090 556 1132 cur
578 1073 640 1132 dira
663 1071 806 1134 barbarae
828 1074 927 1135 minus

298 1155 418 1217 Venena
441 1157 560 1218 Medeae
582 1157 689 1229 valent,

255 1240 368 1312 Quibus
391 1242 548 1321 superbam
571 1242 647 1321 sugit.
668 1243 728 1303 ulta
751 1244 902 1321 paelicem,

299 1325 398 1404 Magni
422 1326 558 1387 Creontis
580 1328 678 1401 filiam,

252 1410 323 1470 Cum
347 1411 431 1490 palla,
453 1412 521 1471 tabo
544 1431 654 1472 munus
676 1412 823 1487 inbutum,
847 1432 951 1474 novam

300 1495 441 1556 lucendio
465 1506 587 1574 nuptam
611 1494 753 1557 abstulit?

253 1581 342 1658 Atqui
366 1599 422 1641 nec
444 1580 535 1641 herba
560 1599 615 1641 nec
638 1581 734 1641 latens
757 1581 787 1642 in
810 1582 921 1661 asperis

300 1665 391 1725 Radix
414 1665 517 1725 fefellit
538 1684 585 1725 me
607 1666 690 1726 locis.

253 1749 398 1810 lndormit
420 1751 519 1811 unctis
541 1751 674 1811 omnium
697 1750 844 1812 cubilibus

301 1835 455 1896 Oblivione
478 1836 633 1915 paelicum.
657 1871 698 1880 —

254 1921 287 1993 Α,
310 1938 335 1995 a,
359 1921 472 1981 solutus
496 1920 625 1981 ambulat
646 1921 794 1983 veneficae

300 2005 472 2067 Scientioris
495 2006 641 2067 carmine!
665 2041 706 2049 -

253 2089 318 2149 Non
341 2091 463 2164 usitatis,
487 2092 569 2166 Varo,
593 2091 775 2170 potionibus,

301 2174 324 2234 0
349 2176 439 2236 multa
462 2177 599 2238 fleturum
624 2185 721 2255 caput,

254 2259 295 2319 nd
319 2278 365 2320 me
390 2279 526 2322 recurres
548 2280 604 2321 nec
626 2270 727 2322 vocata
750 2280 835 2324 mens
857 2271 906 2323 tua

157 2355 160 2360 ·
300 2344 403 2406 Marsis
425 2344 533 2406 redibit
554 2346 686 2406 vocibus.

254 2428 347 2490 Maius
369 2431 490 2508 parabo,
514 2432 607 2491 maius
630 2431 782 2492 infundam
806 2431 859 2491 tibi

300 2514 471 2575 Fastidienti
494 2515 644 2593 poculum,

254 2598 399 2676 Priusque
421 2599 534 2660 caelum
558 2600 633 2660 sidet
655 2599 778 2659 inferius
801 2601 874 2659 mari

300 2682 419 2744 Tellure
441 2695 577 2764 porrecta
600 2702 691 2762 super

212 2781 218 2791 ·
255 2768 348 2838 Quam
373 2789 434 2829 non
458 2788 558 2830 amore
581 2769 622 2829 sic
645 2787 711 2830 meo
734 2769 850 2848 flagres,
874 2769 917 2829 uti

301 2852 437 2915 Bitumen
461 2855 532 2915 atris
554 2849 690 2933 ignibus?
715 2889 756 2897 —

256 2938 317 2997 Sub
340 2939 412 2999 haee
434 2958 509 3018 puer
531 2940 587 3000 iam
610 2958 682 3011 non,
705 2948 739 2998 ut
761 2949 838 3012 ante,
861 2937 998 2997 mollibus

302 3023 410 3084 Lenire
432 3024 529 3085 verbis
552 3024 665 3102 impias,

256 3106 312 3167 Sed
336 3109 443 3171 dubius
466 3109 545 3170 unde
567 3117 720 3188 rumperet
742 3107 902 3183 silentium,

302 3193 380 3254 Misit
401 3194 560 3275 Thyesteas
582 3213 701 3275 preces:

252 3268 385 3338 ‘Venena
409 3299 491 3360 maga
517 3299 587 3340 num
610 3281 654 3340 las
677 3280 828 3356 nefasque,
852 3299 922 3340 num
945 3280 1043 3340 valent

303 3361 480 3425 Convertere
502 3365 660 3426 humanam
683 3362 797 3425 vicem?

215 3477 238 3525 V
256 3494 278 3528 n.
298 3481 330 3531 65
350 3479 531 3532 formidolosae
547 3483 551 3546 Ι
567 3481 636 3545 dnm]
655 3483 702 3545 (⁰l2
722 3496 778 3532 cnm
795 3479 798 3546 Ι
815 3482 847 3532 68
866 3480 1027 3532 suburbanae
1045 3480 1080 3545 (υ)
1096 3479 1100 3545 Ι
1116 3483 1147 3532 66
1167 3479 1202 3530 la-

127 3545 250 3598 borarunt
266 3547 270 3611 l
286 3548 318 3598 63
337 3549 446 3614 superba
462 3548 467 3615 Ι
483 3550 515 3600 66
533 3549 654 3601 infectum
677 3549 681 3616 1
703 3551 734 3601 87
746 3562 819 3612 maga
839 3563 899 3599 num
912 3587 919 3601 .
932 3585 939 3599 .
953 3587 968 3610 .,
981 3565 1040 3599 num
1054 3586 1060 3600 .
1073 3585 1080 3599 .
1092 3548 1202 3610 viceml]

129 3613 156 3664 C.
179 3613 219 3664 W.
238 3613 367 3679 Nauck¹³‚
393 3618 457 3669 1889
481 3616 526 3678 (cs.
552 3617 585 3668 A.
611 3617 752 3668 Eberhard
769 3617 856 3667 Herm.
875 3618 898 3680 8,
924 3618 993 3678 126);
1018 3631 1136 3680 magnum

127 3698 178 3733 non
190 3682 254 3732 libri
259 3685 301 3747 (=
312 3682 362 3746 OK,
375 3685 474 3747 Modo.)
485 3699 559 3750 moga
573 3701 623 3736 non
634 3721 640 3735 .
655 3724 661 3736 .
675 3723 690 3749 .,
701 3700 750 3736 non
758 3685 783 3734 H
791 3685 917 3750 magicum
931 3723 936 3735 .
951 3724 956 3735 .
970 3721 976 3734 .
990 3683 1204 3748 nonllutgerrior

129 3748 196 3803 Ven.
215 3751 273 3802 loct.
291 3767 313 3802 c.
331 3750 353 3801 Χ
370 3769 397 3817 p.
417 3754 511 3817 rscsq.
531 3754 756 3817 magica...non
775 3756 845 3805 coni.
864 3752 949 3802 Bentl.
976 3754 980 3815 Ι
1006 3753 1036 3804 88
1063 3751 1128 3815 ,Non
1147 3766 1203 3802 ver·

127 3822 182 3869 tere
211 3819 333 3871 {romanas
360 3822 438 3872 vices.
458 3824 491 3870 ei.
510 3821 596 3871 Bentl.
627 3820 631 3887 Ι
665 3821 774 3872 humana
793 3822 911 3872 invicem.
932 3819 978 3870 Olt'
1004 3819 1126 3872 flumana
1145 3820 1202 3870 vice

127 3886 215 3938 Modo.
235 3888 293 3938 odo.
313 3891 372 3939 crit.
391 3889 410 3939 ll
429 3892 505 3953 bbsq.
