2656 4448
117 198 178 258 104
549 206 679 261 EPODON
700 215 721 264 l.
740 216 763 264 2.

175 387 203 436 aa
247 376 314 436 Non
339 386 371 435 ut
393 377 523 438 iuvencis
546 379 664 457 inligata
687 381 821 460 pluribus

292 464 395 521 Aratra
420 463 553 523 nitamur
574 465 648 525 meis

247 547 376 607 Pecusre
400 547 530 609 Calabris
552 558 621 610 ante
644 550 724 611 sidus
746 553 890 615 servitium

293 631 411 692 Lucana
435 641 529 693 mutet
551 635 667 713 pascuis

245 717 348 794 Neque
372 726 404 776 ut
425 718 548 795 superni
570 719 635 778 villa
658 719 789 780 candens
813 720 932 786 Tusculi

173 812 203 861 at)
291 799 411 862 Circaea
434 811 535 880 tangat
557 805 683 864 moenia.
707 839 747 848 —

249 886 325 947 Satis
347 905 497 964 superque
519 906 565 946 me
588 887 755 967 benigniias
777 899 826 950 tua

294 970 412 1030 llitarit:
436 971 513 1031 haud
536 991 686 1051 paravero,

246 1055 333 1126 Quod
355 1066 405 1115 aut
426 1074 529 1117 avarus
551 1067 584 1117 ut
606 1058 747 1119 Chremes
770 1067 848 1120 terra
870 1081 1012 1141 premam,

293 1141 459 1202 Discinctos
482 1151 532 1200 aut
554 1144 675 1220 perdam
699 1161 802 1221 nepos.

644 1429 669 1487 ll

245 1538 366 1607 ‘Beatus
388 1547 436 1607 ille
459 1548 509 1624 qui
532 1548 637 1626 procul
660 1548 794 1624 negotiis

298 1631 334 1691 Ut
356 1632 452 1711 prisca
474 1650 547 1709 gens
570 1632 746 1705 mortalium,

246 1716 373 1798 ‘Paterna
396 1735 464 1777 rura
488 1716 584 1777 bobus
606 1728 724 1777 exercet
747 1718 816 1790 suis,

296 1801 415 1862 Solutus
438 1803 520 1861 omni
544 1803 674 1874 faenore,

191 1898 205 1945 5
247 1886 350 1963 Neque
373 1887 517 1945 excitatur
539 1886 660 1946 classico
684 1887 766 1947 miles
790 1887 864 1947 truci

296 1970 399 2047 Neque
421 1971 523 2030 horret
545 1972 651 2029 iratum
675 1990 755 2032 mare

250 2057 419 2131 Porumque
442 2056 510 2114 vitat
533 2065 562 2114 et
583 2056 709 2132 superba
733 2057 839 2116 civium

298 2140 500 2200 Potentiorum
525 2140 634 2200 limina.

251 2225 330 2303 Ergo
353 2233 403 2284 aut
424 2225 520 2284 adulta
542 2225 643 2284 vitium
668 2225 829 2304 propagine

184 2323 210 2372 tu
298 2310 376 2370 Altas
399 2310 515 2370 maritat
538 2310 662 2389 populos

254 2399 312 2457 Aut
334 2396 363 2454 in
388 2396 506 2456 reducta
530 2396 602 2456 valle
625 2395 818 2473 mugientium

299 2481 472 2559 Prospectat
494 2481 620 2542 errantis
642 2499 746 2559 greges

251 2566 426 2644 inutilisque
449 2565 521 2626 lalce
545 2584 642 2626 ramos
665 2574 820 2643 amputans

299 2652 458 2711 Feliciores
480 2651 584 2711 inserit

183 2748 210 2796 15
254 2739 311 2797 Aut
333 2755 434 2815 pressa
455 2736 538 2814 puris
561 2734 644 2794 mella
667 2733 769 2794 condit
791 2735 950 2812 amphoris,

300 2823 357 2881 Aut
379 2823 482 2882 tondet
502 2822 635 2881 infirmas
657 2819 717 2879 oris

253 2906 315 2977 Vel,
339 2925 405 2965 cum
429 2907 570 2967 tlecorum
594 2905 713 2964 mitibus
736 2904 831 2983 pomis
854 2912 942 2982 caput

301 2992 467 3051 Autumnus
490 2992 566 3069 agris
589 2990 701 3060 extulit,

256 3075 294 3135 Ut
315 3075 422 3153 gautlet
444 3076 556 3136 insitiva
580 3076 742 3152 decerpens
765 3074 828 3152 pira

184 3172 212 3220 20
298 3159 464 3219 Certantem
489 3169 517 3219 et
540 3180 623 3220 uram
646 3177 805 3238 purpurae,

255 3243 320 3313 Qua
342 3254 516 3304 muneretur
538 3256 576 3315 te,
600 3245 714 3323 Priape,
738 3252 827 3314 etto,
850 3251 932 3320 pater

303 3328 427 3401 Silvane,
451 3339 532 3389 tutor
554 3329 666 3389 finium.

258 3414 343 3473 tibet
364 3415 459 3474 iacere
482 3415 569 3474 modo
592 3414 647 3474 sub
670 3413 791 3491 antiqua
814 3413 889 3484 ilice,

304 3499 391 3560 llotlo
414 3499 444 3558 in
468 3500 563 3560 tenaci
587 3499 736 3577 gramine3

128 3619 330 3627 *-

215 3685 223 3735 l
244 3701 266 3735 u.
286 3686 318 3736 26
337 3698 392 3734 mea
411 3685 445 3747 (a)
464 3684 547 3736 Beati.
564 3682 568 3749 Ι
585 3686 616 3736 28
634 3698 727 3749 pascua
742 3682 747 3749 Ι
764 3684 795 3736 29
808 3696 917 3748 superne
930 3684 964 3745 (a)
977 3680 1132 3745 Madvigius
1142 3682 1205 3734 cdo.

132 3758 190 3805 cru.
209 3752 349 3818 1155134
367 3755 395 3801 ut
413 3766 493 3816 nepos

213 3819 233 3872 il
251 3838 275 3871 tt.
295 3823 325 3873 13
345 3820 475 3870 inutilisve
493 3819 577 3870 Bentt.
606 3822 608 3873 Ι
638 3821 668 3872 18
696 3819 764 3870 aruis
791 3820 826 3882 ΙυΙ
854 3842 885 3861 =
912 3817 1024 3867 Medd,
1045 3832 1088 3882 ap,
1116 3817 1208 3882 Cmq„

132 3889 305 3955 nescitque
325 3902 435 3953 purpura
454 3888 535 3937 iidem
553 3888 628 3939 codd.
648 3887 797 3952 Cmqur'cnr'
813 3885 864 3935 soli
