2656 4448
572 219 744 272 CARMlNUM
764 220 797 273 lV
816 224 839 275 9.

686 391 726 450 tx

294 508 336 569 Nc
360 510 435 569 forto
458 508 560 569 credas
582 508 737 568 interitura
761 526 836 586 quae

295 593 399 672 Longe
422 604 576 655 sonantem
600 601 685 654 natus
708 592 744 654 ad
767 594 903 654 Aufidum

340 679 406 738 Non
429 689 499 738 ante
521 678 648 756 volgatas
671 696 724 756 per
746 678 817 738 artis

392 762 487 822 Verba
508 763 616 840 loquor
638 763 774 823 socianda
798 764 929 825 chordis:

238 892 253 941 5
296 881 373 954 Non,
396 882 420 941 si
443 881 557 959 priores
580 881 732 940 Maeonius
754 888 837 941 tenet

296 966 386 1026 Sedes
410 965 565 1036 Homerus,
588 965 760 1025 Pindaricae
783 965 875 1026 latent

342 1049 475 1128 Ceaeque
499 1061 528 1111 et
549 1050 647 1110 Alcaei
670 1050 798 1110 minaces

392 1135 612 1213 Stesichorique
634 1153 735 1212 graves
758 1132 913 1209 Camenae,

293 1253 353 1312 Nec
376 1253 472 1331 siquid
495 1254 564 1313 olim
587 1254 656 1314 lusit
678 1255 832 1312 Anacreon

224 1348 251 1397 to
295 1337 406 1408 Delevit
428 1346 514 1412 aetas,
537 1339 629 1416 spirat
650 1337 746 1397 adhuc
769 1355 852 1396 amor

342 1422 507 1500 Vivuntque
530 1423 668 1484 conmissi
691 1421 803 1482 calores

394 1508 510 1568 Aeoliae
534 1506 640 1569 fidibus
662 1507 786 1586 puellae.

294 1625 359 1685 Non
383 1625 443 1686 sola
467 1637 601 1704 comptos
623 1626 693 1686 arsit
715 1624 839 1685 adulteri

293 1708 388 1771 Crinis
411 1720 440 1771 et
462 1729 565 1772 aurum
588 1710 719 1771 vestibus
741 1709 859 1770 inlitum

222 1804 250 1854 15
341 1794 444 1856 Mirata
466 1795 631 1874 regalisque
654 1796 751 1855 cultus

393 1880 431 1939 Et
453 1881 576 1941 comites
599 1879 711 1940 Helene
733 1879 866 1939 Lacaena

295 1997 446 2058 Primusve
469 1998 583 2058 Teucer
606 1997 662 2057 tela
686 1997 816 2077 Cydonio

293 2081 405 2142 Direnit
426 2100 506 2154 arcu,
530 2101 591 2142 non
615 2083 706 2142 semel
729 2082 797 2142 llios

306 2199 308 2203 ν
342 2165 457 2239 Vexata,
481 2186 541 2227 non
566 2168 707 2246 pugnavit
729 2167 836 2245 ingens

223 2261 251 2311 20
393 2251 568 2313 Idomeneus
592 2252 784 2312 Sthenelusve
806 2250 887 2311 solus

297 2367 425 2429 Dicenda
449 2369 539 2432 Musis
561 2370 682 2449 proelia,
706 2390 766 2430 non
791 2371 873 2429 lerox

295 2453 404 2513 llector
426 2454 470 2515 vel
493 2474 560 2516 acer
583 2455 754 2533 Deiphobus
776 2455 872 2532 gravis

341 2537 465 2618 Excepit
487 2541 562 2601 ictus
584 2558 639 2618 pro
662 2539 778 2619 pudicis

394 2623 574 2704 Coniugibus
597 2625 756 2703 puerisque
778 2623 906 2702 primus:

199 2751 252 2802 '25
296 2739 399 2803 Vixere
422 2746 514 2805 fortes
536 2754 604 2803 aute
626 2745 846 2821 Agamemnona

294 2825 386 2900 Multi,
409 2831 459 2889 sed
483 2847 587 2889 omnes
610 2827 835 2888 inlacrimabiles

343 2910 493 2991 Urgentur
513 2914 666 2992 ignotique
690 2914 776 2991 longa

391 2998 494 3071 Nocte,
518 3010 620 3059 carent
642 2999 708 3075 quia
730 3007 794 3057 vate
817 3014 911 3056 sacro.
936 3029 974 3040 -

296 3113 417 3173 Paulum
440 3117 571 3194 sepultae
595 3117 682 3177 distat
704 3116 824 3176 inertiae

222 3208 251 3257 30
295 3196 392 3257 Celata
415 3200 515 3260 virtus.
559 3202 624 3261 Non
649 3220 703 3278 ego
726 3210 755 3260 te
778 3200 850 3260 meis

341 3280 456 3344 Cliartis
478 3285 648 3345 inornatum
671 3286 773 3357 silebo,

394 3368 485 3429 Totve
507 3379 574 3430 tuos
597 3370 691 3447 patiar
713 3369 829 3429 labores

169 3502 372 3510 ——---.—

253 3616 284 3668 lX
309 3633 331 3668 o.
358 3620 374 3668 4
397 3618 487 3684 loquar
511 3619 514 3681 l
540 3622 554 3671 8
575 3618 747 3672 Stesichoriue
771 3620 776 3687 Ι
801 3624 815 3673 9
840 3621 877 3671 sic
900 3624 928 3671 ut
946 3621 1017 3682 (teate
1035 3621 1068 3671 A.
1088 3619 1246 3672 Hera-mann

167 3685 232 3738 sicul
250 3687 296 3749 al.)
314 3686 395 3736 aclaol.
416 3687 477 3740 Ver.
496 3686 577 3752 Vetg.
596 3689 642 3741 ccl.
661 3692 684 3753 b,
705 3692 727 3752 1,
750 3692 797 3739 ubi
816 3691 966 3740 Horatiana
990 3689 1055 3738 baec
1076 3692 1172 3752 poetae
1196 3704 1244 3740 no·

166 3758 235 3805 antae
258 3770 312 3805 non
335 3753 428 3804 addito
451 3755 548 3817 afferri
570 3757 633 3806 olim
655 3757 788 3807 indicavit
804 3757 1022 3809 Schneidewinus
1046 3762 1096 3806 aet.
1118 3755 1167 3806 litt.
1187 3757 1243 3808 len.

166 3825 247 3941 Ami
265 3825 321 3884 153,
340 3823 400 3886 cto)
423 3822 427 3888 Ι
452 3825 482 3873 tr
501 3824 648 3891 primusque
669 3824 674 3891 Ι
698 3828 728 3878 19
747 3841 793 3876 nec
812 3828 846 3890 (o)
863 3824 866 3892 Ι
882 3827 914 3877 29
933 3824 1023 3875 inertia
1042 3826 1111 3875 coni.
1130 3824 1217 3880 Bentl.
1237 3825 1242 3895 Ι

186 3894 195 3941 l
216 3892 285 3942 sieri
