2656 4448
432 228 474 281 ou
491 227 579 281 narn
597 227 745 285 rourrca.
1062 226 1123 294 227
1151 240 1153 244 >
1244 187 1245 190 Ὺ
1322 185 1326 197 ’

142 402 276 480 Denique
299 402 336 463 sit
358 400 481 480 quidvis,
504 401 628 480 simplex
650 402 801 464 dumtaxat
822 412 852 464 et
874 423 976 464 unum.
1000 441 1042 453 —

141 487 264 547 Maxima
289 505 356 566 pars
375 495 485 558 vatum,
507 496 590 567 pater
613 496 643 547 et
664 487 785 550 iuvenes
807 497 891 567 patre
913 489 1005 568 digni,

139 572 309 651 Decipimur
331 572 431 652 specie
452 572 540 633 recti:
563 571 660 633 brevis
682 591 747 635 esse
769 573 881 645 laboro,
1096 589 1126 640 at
1210 604 1212 610 ’

141 656 293 718 Obscurus
316 658 547 730 [insectantem
570 657 641 718 levia
665 658 746 718 nervi

142 741 288 803 lleficiunt
310 742 469 820 animique,
492 743 645 821 professus
666 742 788 823 grandia
810 752 918 822 turget,

141 826 239 906 Serpit
261 827 343 888 bumi
365 836 446 888 tutus
469 826 593 888 nimium
614 827 793 906 timidusque
817 829 980 906 procellae;

140 912 197 983 Qui
220 914 332 974 variare
354 912 438 991 cupit
458 930 522 973 rem
544 913 747 992 prodigialiter
769 931 868 987 unam,

140 997 318 1076 Delphinum
341 997 420 1059 silvis
440 996 583 1078 adpingit‚
606 997 746 1059 ductibus
768 1015 891 1077 aprum:
1095 1013 1125 1066 ao

143 1082 176 1142 ln
201 1083 302 1143 vitium
325 1082 406 1143 ducit
428 1083 532 1161 culpae
554 1083 633 1162 fuga,
655 1083 680 1144 si
703 1092 784 1144 caret
805 1091 877 1145 arte.
1176 1084 1179 1091 '

139 1167 294 1228 Aemilium
317 1168 395 1228 circa
417 1167 518 1228 ludum
541 1166 624 1228 faber
647 1169 723 1229 imus
745 1176 775 1230 et
796 1168 905 1248 unguis

140 1252 292 1331 Exprimet
314 1261 343 1313 et
364 1252 461 1314 mollis
483 1252 646 1313 imitabitur
667 1271 735 1314 aere
757 1253 888 1333 capillos,

139 1336 244 1397 lnselix
267 1338 365 1417 operis
385 1357 511 1410 summa,
534 1337 601 1416 quia
624 1356 736 1416 ponere
758 1348 855 1400 totum

139 1422 271 1497 Nesciet3
295 1423 376 1483 hunc
399 1441 453 1502 ego
475 1441 532 1496 me,
554 1422 650 1500 siquid
674 1441 855 1502 componere
878 1442 989 1497 curem,
1096 1438 1125 1488 at

140 1507 205 1567 Non
228 1506 322 1585 magis
343 1526 407 1568 esse
429 1507 514 1569 velim
537 1525 625 1585 quam
648 1526 720 1569 naso
741 1509 839 1569 vivere
861 1526 950 1587 pravo

140 1592 340 1672 Spectandum
363 1592 456 1671 nigris
479 1591 572 1653 oculis
595 1593 742 1672 nigroque
765 1593 880 1672 capillo.
902 1625 945 1638 -

140 1677 252 1738 Sumite
274 1677 426 1738 materiam
448 1677 561 1751 restris,
585 1677 635 1756 qui
658 1676 796 1752 scribitis,
819 1695 943 1756 aequam

140 1761 257 1823 Viribus
279 1771 309 1823 et
329 1771 443 1824 versate
465 1763 525 1835 diu,
549 1763 618 1841 quid
641 1765 719 1824 ferre
741 1772 891 1835 recusent,

138 1846 216 1917 Quid
238 1847 354 1908 valeant
376 1848 481 1908 umeri.
525 1846 578 1908 Cui
600 1848 676 1909 lecta
698 1857 838 1927 potenter
859 1848 915 1908 erit
936 1867 993 1922 res,
1093 1862 1122 1912 lo

137 1931 199 1992 Nec
222 1932 358 1993 facundia
380 1933 497 1994 deseret
518 1932 600 1992 bunc
622 1951 678 1994 nec
700 1932 814 1994 lucidus
837 1933 920 1994 ordo.

139 2015 260 2078 Ordinis
283 2018 353 2078 baec
376 2018 468 2079 virtus
491 2018 547 2078 erit
569 2026 599 2079 et
619 2037 721 2092 venus,
745 2027 795 2079 aut
817 2037 872 2098 ego
894 2018 989 2093 fallor,

141 2100 177 2161 Ut
199 2102 255 2161 iam
279 2121 360 2164 nunc
382 2103 459 2164 dicat
481 2102 538 2163 iam
562 2121 643 2163 nunc
665 2103 802 2164 debentia
825 2103 892 2175 dici,

139 2184 283 2265 Pleraque
305 2188 421 2248 differat
442 2198 471 2249 et
493 2206 635 2268 praesens
657 2189 687 2249 in
711 2201 828 2269 tempus
850 2189 980 2262 omittat;

140 2271 205 2331 lloc
226 2281 313 2346 amet,
335 2273 392 2333 boc
414 2283 535 2351 spernat
557 2273 694 2352 promissi
717 2273 857 2334 carminis
879 2284 991 2335 auctor.
1096 2273 1137 2337 li

140 2355 175 2415 ln
198 2356 294 2417 verbis
317 2357 404 2418 etiam
427 2357 526 2417 tenuis
548 2366 711 2435 cautusque
733 2358 867 2419 serendis

141 2440 255 2501 Dixeris
278 2443 405 2520 egregie,
431 2450 533 2501 notum
556 2441 580 2501 si
604 2441 705 2501 callida
728 2441 850 2502 verbum

141 2523 312 2586 Reddiderit
333 2526 470 2586 iunctura
493 2543 612 2586 norum.
658 2525 688 2585 Si
711 2525 787 2587 sorte
810 2543 932 2586 necesse
955 2536 1000 2587 est

142 2609 263 2671 lndiciis
285 2619 451 2672 monstrare
474 2609 645 2672 recentibus
667 2609 765 2671 abdita
787 2628 889 2671 rerum
912 2619 942 2671 et

142 2695 268 2774 Fingere
291 2695 430 2757 cinctutis
452 2714 513 2756 non
536 2695 670 2756 exaudita
693 2694 837 2775 Cethegis,
1098 2706 1127 2757 bo

142 2778 303 2859 Continget
324 2780 500 2859 dabiturque
522 2780 640 2841 licentia
662 2789 778 2860 sumpta
800 2781 948 2860 pudenter

141 2864 179 2924 Et
201 2885 274 2926 nova
298 2867 423 2944 fictaque
448 2884 543 2945 nuper
565 2864 717 2926 habebunt
737 2865 827 2926 rerba
848 2865 946 2938 fidem,
968 2864 992 2925 si

142 2948 253 3010 Graeco
277 2952 358 3011 fonte
381 2951 486 3012 cadent
509 2969 597 3029 parce
619 2950 741 3011 detorta.
786 2950 863 3022 Quid
887 2957 984 3010 autem

143 3033 267 3096 Caecilio
292 3035 454 3114 Plautoque
477 3035 557 3096 dabit
579 3036 740 3108 Romanus,
763 3036 933 3114 ademptum

141 3117 270 3198 Vergilio
292 3118 461 3199 Varioque?
483 3139 538 3199 ego
561 3139 624 3194 cur,
646 3120 801 3198 adquirere
824 3137 916 3200 pauca
1097 3129 1127 3180 tt

88 3239 254 3248 ἡ.

142 3320 166 3356 υ.
186 3306 218 3357 23
237 3304 348 3371 quidvis]
366 3307 400 3367 (o)
417 3305 516 3359 Booti:
535 3304 595 3370 quid
614 3305 654 3356 uis
676 3305 712 3369 ΙυΙ
738 3301 807 3370 quod
833 3302 873 3353 uis
897 3318 912 3353 υ
936 3301 1046 3368 quoduis
1062 3301 1100 3366 (u)
1120 3309 1125 3369 Ι

104 3371 175 3423 lenia
193 3374 228 3436 (o)
254 3371 259 3440 Ι
287 3375 319 3426 29
336 3387 399 3434 ,rem
417 3371 593 3438 prodigialiter
610 3387 701 3438 unam,
719 3377 745 3422 at
760 3386 814 3423 rem
832 3370 1016 3437 prodigialiter,
1033 3383 1083 3421 una
1101 3374 1127 3420 at

88 3455 117 3502 n,
135 3440 311 3506 prodigialiter
328 3456 378 3491 una
396 3441 605 3505 (lb-aedicantes)
623 3440 666 3502 ad,
684 3445 714 3491 at
731 3456 754 3491 o.
774 3439 804 3491 V
816 3442 867 3491 aet.
882 3455 976 3506 gymn.
988 3439 1081 3492 Auatr.
1099 3455 1126 3490 a.

88 3510 122 3560 67
137 3523 166 3573 p.
187 3511 266 3574 laqq.
283 3509 287 3574 Ι
304 3509 336 3561 32
354 3523 419 3559 unus
437 3510 473 3574 (a)
494 3509 499 3575 Ι
521 3511 553 3562 36
571 3522 651 3574 paruo
668 3506 705 3576 Ιυ)
730 3507 734 3574 Ι
757 3509 791 3559 37
809 3506 915 3573 nigroue
939 3507 944 3574 Ι
966 3507 999 3558 42
1016 3504 1079 3556 haut
1095 3508 1126 3569 (a.

88 3575 133 3640 ud)
149 3573 154 3644 Ι
168 3580 203 3628 44
220 3577 318 3644 reliqua
332 3575 550 3628 Schneidewinus
561 3576 656 3630 Paitoi.
670 3578 710 3641 10,
723 3578 771 3629 361
784 3592 822 3641 sq.
841 3574 965 3641 pluraque
983 3572 1014 3625 V.
1029 3573 1126 3625 Valeat:

88 3662 93 3696 t
109 3659 207 3709 progr.
224 3645 304 3697 sabel.
322 3659 376 3697 soe.
390 3646 542 3712 polgtocltn.
559 3643 691 3705 Francos.
710 3645 747 3696 ad
763 3643 798 3694 M.
817 3660 842 3696 a.
864 3643 927 3696 1876
940 3657 969 3707 p.
988 3643 1020 3693 30
1036 3643 1041 3704 Ι
1056 3657 1079 3691 v.
1093 3645 1125 3695 45

97 3714 132 3765 46
157 3712 277 3763 ordinem
296 3718 435 3779 permutat
452 3713 539 3764 Bantl.
566 3710 571 3779 Ι
597 3714 697 3778 dilaqq.
716 3713 838 3764 distincti
853 3710 997 3761 sanandum
1014 3707 1050 3761 M.
1068 3711 1126 3760 Pat-

88 3781 166 3844 lanig
181 3796 208 3845 p.
227 3779 279 3831 Vlll
297 3782 338 3833 ed.
356 3798 380 3832 a.
398 3782 474 3835 1883:
500 3795 599 3845 rerum,
621 3781 726 3844 (rerum,
750 3785 777 3831 et
793 3781 840 3842 al.)
857 3777 954 3844 fingere
966 3817 972 3831 .
986 3817 992 3831 .
1005 3776 1125 3844 Gelbegis

88 3847 198 3912 ntinget,
216 3847 369 3916 dabiturque
387 3865 430 3915 og.
449 3848 485 3911 cf.
494 3851 527 3900 A.
538 3848 676 3900 Michaelis
693 3863 784 3901 comm.
802 3847 953 3898 Mommsen.
969 3863 995 3913 p.
1009 3845 1089 3908 4227
1106 3847 1112 3912 Ι

108 3914 227 3981 iactaque
245 3917 280 3983 ΙυΙ
297 3917 451 3985 Bent!.153
470 3917 562 3969 cadant

876 3999 923 4052 15*
