2656 4448
167 213 187 267 4
582 212 754 266 conminuit
771 215 781 267 l
799 218 823 269 3.

236 391 251 440 5
294 384 387 457 Navis
404 403 478 463 quae
494 384 547 444 tibi
561 385 705 446 creditum

339 469 434 530 Debes
449 468 608 548 Vergilium
622 471 731 531 finibus
747 471 865 548 Atticis3

292 555 406 616 Reddas
420 553 600 614 incolumem
622 574 728 633 precor

338 639 374 699 Et
389 657 487 699 serres
502 640 615 700 animae
631 640 785 701 dimidium
800 660 893 702 meae.
915 678 956 687 —

293 725 338 785 llli
354 724 447 784 robur
463 731 492 783 et
507 742 555 785 aes
570 725 676 804 triplex

222 821 251 872 10
337 808 420 870 Circa
435 818 539 886 pectus
554 819 625 881 erat,
641 811 692 887 qui
708 811 840 889 fragilem
855 813 932 873 truci

292 893 436 956 Conmisit
451 893 552 971 pelago
568 904 660 954 ratem

342 978 459 1038 Primus
475 996 531 1038 nec
545 978 642 1039 timuit
656 980 846 1059 praecipitem
862 982 991 1042 iliricum

292 1064 497 1125 Decertantem
513 1063 709 1141 Aquilonibus

339 1148 400 1208 Nec
414 1146 506 1209 tristis
521 1147 635 1228 Hyadas
651 1167 706 1209 nec
722 1149 833 1210 rabiem
848 1151 926 1224 Noti,

226 1243 253 1292 15
298 1233 365 1303 Quo
381 1251 441 1292 non
459 1231 568 1292 arbiter
583 1233 707 1293 Hadriae

343 1316 445 1391 Maior,
461 1317 563 1377 tollere
578 1337 630 1378 seu
646 1337 758 1397 ponere
774 1319 833 1379 volt
846 1321 929 1381 freta.

295 1401 389 1472 Quem
405 1401 508 1462 mortis
523 1403 620 1462 timuit
634 1405 765 1482 gradum,

340 1486 397 1557 Qui
412 1487 498 1547 siccis
512 1488 606 1548 oculis
621 1496 753 1549 monstra
769 1490 908 1563 natantia,

296 1572 354 1643 Qui
369 1571 439 1631 vidit
452 1589 532 1632 mare
547 1572 698 1633 turbidum
714 1584 743 1633 et

222 1667 251 1718 tu
335 1656 455 1717 lnlamis
469 1657 615 1736 scopulos,
631 1657 871 1718 Acroceraunia?

294 1741 479 1819 Nequiquam
495 1743 567 1802 deus
582 1742 705 1802 abscidit

339 1826 474 1887 Prudens
490 1824 610 1885 Oceano
626 1824 801 1886 dissociabili

295 1910 413 1982 Terrae,
429 1909 453 1969 si
468 1920 565 1970 tamen
583 1910 688 1988 impiae

341 1995 408 2055 Non
424 1994 571 2071 tangenda
587 2006 664 2055 rates
679 1993 851 2054 transiliunt
865 1993 946 2054 vada.

222 2090 251 2139 25
294 2080 396 2140 Audax
412 2079 510 2139 omnia
525 2079 640 2158 perpeti

216 2226 218 2229 .
340 2164 420 2225 Gens
435 2165 562 2224 humana
578 2163 637 2223 ruit
650 2182 704 2242 per
719 2163 838 2223 vetitum
856 2164 952 2224 nelas:

294 2249 396 2309 Audax
411 2248 502 2326 Iapeti
516 2266 611 2325 genus

340 2333 441 2412 Ignem
458 2333 560 2393 fraude
575 2333 649 2393 mala
666 2332 804 2411 gentibus
819 2332 926 2406 intulit,

294 2416 364 2480 Post
378 2419 477 2496 ignem
490 2418 618 2478 aetheria
634 2419 722 2478 domo

222 2512 251 2560 ³0
336 2502 520 2563 Subductum
535 2503 643 2564 macies
658 2513 687 2563 et
703 2521 777 2562 nova
792 2502 918 2563 febrium

294 2586 394 2649 Terris
408 2588 544 2648 incubuit
558 2588 665 2648 cohors

343 2673 513 2752 semotique
528 2673 612 2752 prius
623 2674 708 2733 tarda
725 2672 883 2734 necessitas

295 2757 358 2819 Leti
375 2758 519 2837 corripuit
532 2758 672 2837 gradum;

340 2843 487 2922 Expertus
501 2863 625 2905 vacuum
643 2843 785 2904 Daedalus
799 2860 867 2902 aera

224 2937 252 2987 35
295 2928 408 2990 Pennis
424 2948 485 2989 non
501 2929 614 2990 bomini
630 2929 720 3004 datis;

340 3014 480 3091 Perrupit
494 3014 661 3074 Acheronta
677 3014 840 3074 Herculeus
854 3012 945 3073 labor.
961 3045 1003 3056 —

293 3096 340 3156 Nil
355 3097 528 3159 mortalibus
543 3099 627 3159 ardui
643 3107 702 3159 cst:

340 3180 459 3241 Caelum
474 3182 569 3260 ipsum
586 3183 713 3260 petimus
728 3179 847 3242 stultitia
864 3199 961 3259 neque

295 3265 351 3325 Per
367 3275 500 3326 nostrum
516 3267 644 3345 patimur
659 3266 755 3325 scelus

223 3359 252 3409 tu
337 3349 480 3411 Iracunda
496 3351 594 3411 lovem
611 3368 725 3429 ponere
739 3348 872 3409 fulmina.

167 3468 370 3477 *—

252 3533 282 3584 lll
299 3550 323 3585 o.
342 3538 357 3586 6
376 3535 454 3587 debes
467 3533 619 3600 Vergilium:
633 3532 727 3585 finibus
744 3532 835 3585 Atticis
853 3530 944 3583 reddas
961 3532 996 3583 ol
1018 3531 1023 3598 Ι
1048 3531 1166 3596 [tt—20]
1185 3531 1232 3599 b‘l

169 3605 200 3655 19
218 3601 346 3667 turgidum
376 3607 380 3663 Ι
409 3605 442 3655 22
468 3602 639 3654 dissociabilis
664 3606 694 3663 (a.
713 3603 751 3665 es)
777 3606 857 3653 terras
880 3603 940 3666 post
963 3599 1129 3651 Goalten'um
1158 3604 1183 3648 at
1198 3599 1233 3652 N.

168 3671 304 3721 Halmium
322 3689 338 3720 a
356 3673 437 3723 Jaaio
455 3671 472 3721 l.
491 3671 646 3737 1111111135
665 3670 749 3736 pinnis
764 3669 768 3737 Ι
784 3671 815 3722 at
835 3668 939 3720 arduum
958 3674 997 3720 est

625 3843 777 3851 -———-.-
