2656 4448
513 231 684 284 CthllNUlll
702 233 772 285 1116.
792 238 815 285 7.

257 403 313 463 Sed
337 405 414 465 iussa
438 421 536 465 coram
560 422 621 463 non
644 404 708 464 sine
731 407 851 466 conscio

255 490 355 568 Surgit
376 490 490 560 marito,
512 507 563 549 seu
586 499 670 548 vocat
691 489 810 551 institor

299 575 357 635 Seu
380 575 460 634 navis
481 574 628 652 Hispanae
652 575 797 651 magister,

269 705 272 712 .
352 659 532 719 Dedecorum
556 658 704 736 pretiosus
726 671 851 739 emptor.
873 697 915 706 —

255 777 319 836 Non
343 777 388 837 his
411 777 547 837 iuventus
570 786 632 837 orta
656 778 828 856 parentibus

255 860 361 922 Infecit
382 879 494 939 aequor
516 863 660 939 sanguine
684 863 797 923 Punico

297 947 501 1025 Pyrrhumque
524 955 553 1006 et
574 947 724 1024 ingentem
748 948 854 1007 cecidit

351 1031 528 1091 Antiochum
552 1031 807 1111 Hannibalemque
830 1033 935 1099 dirum,

255 1148 310 1207 Sed
334 1149 511 1210 rusticorum
534 1152 661 1211 mascula
684 1150 808 1211 militum

253 1233 363 1305 Proles,
387 1234 509 1295 Sabellis
532 1236 616 1295 docta
640 1235 788 1314 ligonibus

301 1318 422 1379 Versare
444 1319 562 1397 glaebas
585 1331 614 1379 et
635 1338 752 1380 severae

339 1403 437 1463 Matris
459 1404 492 1463 ad
516 1402 670 1464 arbitrium
693 1405 803 1465 recisos

253 1519 373 1580 Portare
396 1522 490 1591 fustis,
512 1522 557 1581 sol
579 1521 629 1581 ubi
653 1522 797 1580 montium

251 1603 378 1664 Mutaret
399 1605 518 1665 umbras
541 1614 570 1665 et
592 1607 658 1684 iuga
681 1607 812 1666 demeret

299 1688 398 1749 Bobus
421 1690 546 1767 fatigatis
569 1692 694 1750 amicum

348 1773 477 1853 Tempus
498 1792 590 1853 agens
612 1775 740 1836 abeunte
765 1793 864 1836 curru.
889 1809 929 1819 -

251 1893 396 1953 Damnosa
419 1893 489 1971 quid
512 1913 572 1953 non
596 1894 735 1953 inminuit
756 1892 840 1954 dies?

250 1979 337 2038 Aetas
360 1986 515 2056 parentum
539 1979 623 2057 peior
645 1979 704 2038 avis
727 1979 793 2038 tulit

292 2063 352 2123 Nos
375 2064 542 2140 nequiores,
565 2082 634 2122 mox
655 2063 776 2124 daturos

349 2148 522 2226 Progeniem
545 2149 734 2208 vitiosiorem.

627 2468 678 2527 Vll

249 2583 325 2653 Quid
349 2585 410 2657 lles,
434 2585 557 2659 Asterie,
581 2604 668 2663 quem
692 2585 745 2645 tibi
768 2584 884 2645 candidi

249 2668 348 2728 Primo
371 2669 529 2730 restituent
550 2688 617 2729 vere
640 2670 760 2730 Favonii

294 2753 396 2832 Thyna
419 2773 516 2815 merce
539 2754 668 2827 beatum,

344 2838 512 2900 Constantis
533 2839 668 2898 iuvenem
691 2838 757 2912 fide,

248 2955 370 3037 Gygen?
414 2956 464 3016 llle
488 2957 570 3016 Notis
592 2966 674 3017 actus
696 2957 730 3016 ad
754 2957 875 3017 Oricum

247 3040 316 3103 Post
338 3042 442 3102 insana
466 3041 576 3119 Caprae
599 3041 693 3101 sidera
716 3043 835 3120 frigidas

293 3127 401 3188 Noctes
424 3146 484 3186 non
509 3126 573 3186 sine
595 3127 694 3188 multis

344 3210 491 3272 lnsomnis
513 3211 640 3272 lacrimis
662 3213 731 3290 agit.

246 3328 334 3405 Atqui
357 3331 496 3391 sollicitae
520 3330 643 3390 nuntius
665 3329 808 3408 hospitae,

245 3412 400 3492 Suspirare
424 3415 533 3475 Chloen
559 3424 588 3474 et
610 3414 746 3474 miseram
770 3412 828 3473 tuis

291 3498 399 3560 Dicens
421 3500 539 3577 ignibus
562 3499 617 3572 uri,

342 3585 476 3664 Temptat
498 3583 577 3643 mille
599 3584 679 3643 veser
700 3582 803 3642 modis.

202 3835 234 3885 Vl
254 3854 275 3889 υ.
295 3841 327 3889 36
346 3837 434 3888 durum
453 3838 487 3900 (a)
503 3838 507 3895 Ι
523 3838 556 3886 44
574 3838 649 3884 nocte
667 3835 749 3884 Prisc.
769 3832 846 3897 Vll.§
866 3833 898 3883 82

203 3902 245 3954 Vll
264 3923 289 3957 u.
308 3909 325 3958 4
341 3904 401 3966 fide]
420 3906 469 3969 (u):
487 3903 547 3954 fidei
