2656 4448
139 224 202 282 194
526 224 756 278 EPISTULARUM
772 225 782 278 l
800 230 825 280 7.

223 396 283 456 Iam
305 398 425 476 grandis
448 406 518 458 natu
542 397 686 476 queritur,
709 397 872 494 conspexit,
894 406 928 457 ut
949 398 1042 473 aiunt,

135 491 166 541 ω
223 482 367 543 Adrasum
390 483 539 561 quendam
562 500 653 543 vacua
674 482 832 543 tonsoris
825 502 855 543 in
880 481 983 545 umbra

227 565 351 629 Cultello
372 568 512 672 proprios
534 574 710 647 purgantem
733 567 841 628 leniter
862 568 980 645 unguis.

219 646 419 726 ‘Itemetriss-
406 671 519 756 ·puer
540 652 588 712 hic
612 671 672 713 non
695 652 805 713 laeve
798 670 876 713 iussa
898 653 1026 732 Philippi

221 736 428 816 decipiebat·
448 733 518 815 ‘ahi,
541 755 650 834 quaere
673 747 701 798 et
723 739 810 810 refer,
833 738 912 799 unde
934 738 1032 812 domo,
1056 742 1131 819 quis,

223 821 350 884 Cuiusl
336 824 483 897 l,ortunae
507 841 566 902 quo
589 823 627 884 sit
648 830 732 901 patre
755 840 850 919 quove
872 817 1018 902 patrono?

223 907 257 974 lt,
280 907 357 968 redit
379 916 408 967 et
431 917 539 979 narrat,
562 907 708 969 Volteium
731 907 852 968 nomine
875 908 1001 983 Menam,

224 993 414 1066 Praeconem,
439 993 522 1053 tenui
545 1012 646 1066 censu,
670 993 734 1053 sine
758 993 892 1065 crimine,
916 1003 1021 1054 notum

223 1076 259 1137 Et
281 1094 444 1156 properare
466 1078 585 1138 locoet
573 1088 723 1138 tressare
745 1087 774 1139 et
797 1095 939 1156 quaerere
962 1087 992 1138 et
1014 1080 1067 1153 uti,

222 1162 406 1222 Gaudentem
429 1162 585 1242 parvisque
608 1162 757 1224 sodalibus
779 1170 808 1223 et
830 1163 891 1223 lare
914 1172 995 1224 certo

223 1245 262 1307 Et
284 1247 360 1308 ludis
382 1258 411 1307 et
433 1256 501 1326 post
524 1248 620 1309 deciso
643 1248 762 1327 negotia
785 1265 899 1328 campo

220 1325 342 1392 ‘Scitari
364 1330 436 1392 libet
458 1351 493 1392 ex
515 1333 580 1412 ipso
603 1333 811 1412 quodcumque
835 1333 942 1406 relers;
966 1333 1023 1407 dic,

222 1416 267 1476 ad
290 1435 393 1478 cenem
417 1418 523 1478 veniat
579 1418 645 1478 Non
669 1436 739 1479 saue
763 1417 884 1477 credere
905 1417 1002 1490 Mena,

221 1501 321 1562 Mirari
344 1520 444 1563 secum
467 1504 582 1564 tacitus
627 1502 702 1573 Quid
727 1499 839 1563 multa?
880 1493 1036 1582 ‘Benigne'

222 1587 402 1666 Respondet.
443 1579 568 1688 ‘Neget
571 1588 619 1648 ille
642 1578 749 1648 mihit’
785 1580 892 1667 ‘Negat
912 1586 1067 1668 improbus
1088 1595 1118 1648 et
1138 1597 1168 1649 te

222 1672 357 1751 Neglegit
378 1681 428 1733 aut
450 1662 629 1734 horret.²-
651 1673 797 1733 Volteium
820 1691 906 1733 mane
929 1673 1081 1752 Philippus

225 1757 295 1818 Vilia
318 1758 495 1818 vendentem
519 1758 650 1819 tunicato
673 1766 771 1818 scruta
794 1758 912 1837 popello

222 1842 356 1922 Occupat
377 1851 407 1904 et
429 1844 539 1904 salvere
562 1842 644 1904 iubet
665 1844 765 1921 prior;
788 1843 837 1903 ille
858 1842 995 1921 Philippo

220 1927 370 1989 Excusare
393 1927 524 1988 laborem
547 1937 576 1989 et
597 1929 800 1989 mercennaria
823 1927 927 2001 vincla,

220 2013 306 2083 Quod
330 2032 390 2073 non
414 2032 502 2073 mane
524 2013 643 2073 domum
667 2014 803 2086 venisset,
826 2012 955 2091 denique
977 2013 1057 2090 quod
1080 2031 1141 2074 non

221 2097 398 2158 Providisset
422 2116 500 2157 eum
541 2091 634 2158 ‘Sic'
627 2098 777 2198 ignovisse
796 2105 898 2198 pptato

220 2180 267 2242 Me
290 2180 352 2254 tibi,
375 2182 399 2242 si
423 2201 512 2244 cenas
534 2182 622 2243 hodie
644 2173 777 2244 mecum?
821 2175 874 2243 ‘Ut
894 2171 982 2242 libet'
1018 2173 1114 2283 Ergo

221 2268 293 2328 Post
315 2285 425 2327 nouam
448 2268 565 2341 renies3
589 2286 671 2329 nunc
693 2289 712 2340 ι
736 2286 797 2327 rem
821 2277 961 2328 strenuus
983 2284 1067 2345 auge

220 2353 258 2414 Ut
280 2362 399 2413 ventum
423 2353 457 2411 ed
481 2371 585 2414 cenam
609 2363 662 2425 est,
685 2353 810 2413 dicenda
832 2351 956 2413 tacenda
977 2351 1059 2412 locut
1047 2359 1095 2413 tus

220 2438 351 2498 Tandem
375 2437 535 2499 dormitum
558 2438 722 2499 dimittitur.
745 2475 787 2485 -
811 2437 865 2497 Hic
887 2436 939 2497 uoi
960 2454 1048 2515 saepe

220 2523 377 2584 Occultum
401 2523 479 2584 visus
502 2523 660 2584 decurrere
682 2524 771 2602 piscis
793 2523 828 2582 ad
851 2523 979 2593 hamum,

220 2609 305 2669 Mane
328 2608 421 2668 cliens
444 2618 472 2668 et
495 2609 552 2669 iam
575 2619 674 2669 certus
697 2608 825 2681 conviva,
850 2607 968 2667 iubetur

219 2695 298 2754 Rura
321 2693 491 2754 suburbana
515 2694 634 2754 indictis
656 2711 756 2754 comes
778 2693 821 2752 ire
844 2692 965 2752 Latinis.

220 2778 377 2857 lmpositus
400 2778 517 2838 mannis
540 2797 640 2839 ervum
663 2779 836 2856 caelumque
858 2777 1002 2838 Sabinum

218 2865 284 2924 Non
308 2871 402 2924 cessat
424 2864 558 2940 laudare;
581 2863 658 2923 videt
680 2864 815 2940 ridetque
838 2862 1000 2940 Philippus,

217 2949 255 3008 Et
277 2947 333 3008 sibi
356 2948 426 3008 dum
450 2949 592 3027 requiem,
615 2950 684 3009 dum
708 2948 785 3009 risus
808 2947 940 3025 undiquc
962 2943 1087 3024 quaerit,

218 3035 293 3095 Dum
317 3042 430 3112 septem
454 3033 545 3094 donat
566 3033 709 3105 sestertia,
733 3042 834 3093 mutua
857 3041 968 3111 septem

215 3119 372 3192 Promittit,
395 3119 561 3198 persuadet,
584 3119 627 3179 uti
650 3126 799 3179 mercetur
821 3118 956 3196 agellum.

216 3205 374 3267 Mereatur.
419 3204 461 3264 Ne
484 3213 513 3264 te
535 3204 632 3283 longis
654 3202 826 3281 ambagibus
849 3202 925 3264 ultra

218 3288 314 3360 Quam
336 3288 405 3348 sotis
428 3297 472 3348 est
493 3307 601 3361 morer,
624 3308 660 3350 ex
683 3288 775 3349 nitido
799 3288 831 3348 fit
853 3287 981 3349 rusticus
1003 3290 1092 3362 atque

218 3373 323 3434 Suloos
345 3380 375 3431 et
396 3373 492 3432 vineto
515 3382 616 3453 crepat
638 3392 727 3446 mera,
749 3380 906 3452 praeparat
926 3371 1033 3443 ulmos,

129 3470 158 3522 86
218 3457 380 3520 lnmoritur
401 3458 505 3519 studiis
528 3468 557 3519 et
579 3477 679 3519 amore
701 3458 830 3519 senescit
851 3456 988 3517 habendi.

223 3711 306 3762 Vllo
326 3712 356 3763 51
377 3710 479 3777 proprio
498 3709 723 3792 (ollresecentem
743 3710 778 3774 (o)
798 3707 802 3775 Ι
824 3711 856 3760 56
875 3706 979 3758 crimine
997 3709 1086 3756 uotum
1104 3704 1138 3755 al.
1158 3705 1204 3756 cri-

135 3781 203 3832 mine
222 3786 309 3832 natum
329 3780 364 3843 (v)
388 3779 393 3845 l
418 3780 450 3830 58
468 3783 540 3829 curto
559 3780 593 3842 (o)
616 3775 678 3910 Ι(62
695 3773 772 3837 ‘Quid
790 3778 888 3829 multa?
907 3769 1032 3839 benigne?
1051 3771 1103 3823 ΑΙ(
1116 3773 1178 3824 adn.
1198 3772 1202 3840 l

133 3850 165 3900 63
184 3864 233 3915 neg
236 3854 280 3900 at.
294 3851 390 3912 ‚negat
414 3847 418 3912 Ι
443 3849 476 3899 Ί3
493 3844 548 3908 Hic]
572 3862 621 3899 om
624 3849 659 3910 (o)
684 3846 744 3897 hinc
769 3850 795 3895 et
816 3846 865 3896 huc
887 3849 912 3893 ot
935 3849 975 3893 est
998 3846 1024 3891 ot
1041 3845 1080 3892 ast
1099 3845 1123 3890 et
1142 3855 1202 3906 ergo

128 3918 164 3981 (o)
180 3865 238 3978 farge
256 3916 298 3967 ool
312 3917 395 3980 pauci
412 3915 454 3965 vel
469 3915 573 3979 cinguli
