2656 4448
510 246 740 300 EPISTULARUM
758 248 768 299 l
786 251 809 302 6.

204 421 271 493 Quo
294 421 453 499 spectanda
475 421 573 494 modo,
597 438 656 498 quo
678 439 768 483 sensu
792 420 888 482 credis
911 432 941 483 et
963 422 1034 485 orel

204 506 262 577 Qui
285 506 369 565 timet
390 505 436 566 bis
458 505 588 576 adversa,
610 507 673 565 lere
695 506 819 566 miratur
841 507 954 581 eodem,

204 591 271 661 Quo
294 589 428 669 cupiens,
452 601 554 669 pacto;
578 608 669 669 pavor
691 600 736 652 est
757 591 915 670 utrobique
938 593 1088 670 molestus,
1164 605 1192 656 lo

204 675 365 755 Improvisa
387 675 475 736 simul
497 677 611 756 species
634 685 763 736 exterret
786 687 955 756 utrumque.
979 707 992 741 1

205 761 336 821 Gaudeat
356 778 392 820 an
417 761 522 832 doleat,
546 762 645 839 cupiat
669 771 829 834 metuatne,
854 762 923 840 quid
947 762 1077 837 adrem,

205 846 246 918 Si,
270 845 412 925 quidquid
436 845 505 905 vidit
526 847 631 907 melius
654 846 773 925 peiusve
796 865 848 908 sua
871 866 934 926 spe,

204 931 313 992 Defixis
336 930 429 991 oculis
453 931 612 1009 animoque
635 940 665 991 et
686 949 813 1010 corpore
837 930 956 1012 torpet‘l

205 1017 304 1077 Insani
326 1016 444 1094 sapiens
468 1035 576 1076 nomen
600 1017 683 1089 ierat,
706 1035 818 1095 aequus
841 1017 944 1095 iniqui,
1165 1027 1193 1078 1⁵

206 1101 286 1162 Ultra
309 1119 398 1180 quam
419 1102 490 1162 satis
512 1112 556 1162 est
577 1101 715 1162 virtutem
738 1102 762 1162 si
784 1109 864 1181 petat
886 1102 988 1181 ipsam.

206 1186 218 1246 Ι
242 1206 331 1260 nunc,
354 1195 509 1266 argeutum
532 1197 561 1246 et
583 1205 713 1247 marmor
735 1197 817 1248 vetus
839 1204 965 1267 aeraque
988 1197 1017 1248 et
1039 1189 1109 1250 artis

207 1272 341 1350 Suspice,
364 1289 430 1332 cum
454 1272 578 1350 gemmis
601 1273 705 1352 Tyrios
728 1272 835 1332 mirare
858 1274 989 1347 colores;

206 1357 315 1430 Gaude,
340 1358 418 1434 quod
441 1367 577 1434 spectant
599 1357 676 1417 oculi
699 1366 727 1416 te
749 1356 829 1416 mille
852 1357 1040 1436 loquentem;

205 1442 303 1503 Navus
325 1459 411 1501 mane
434 1445 530 1502 lorum
555 1451 584 1500 et
605 1442 791 1520 vespertinus
813 1451 882 1520 pote
905 1451 1025 1517 tectum,
1168 1454 1195 1504 20

207 1527 249 1587 Ne
272 1527 338 1605 plus
360 1528 502 1587 frumenti
524 1526 669 1588 dotalibus
692 1534 799 1587 emetat
821 1527 898 1604 agris

207 1612 305 1674 illutus
328 1620 357 1673 et
378 1645 392 1656 ·
415 1611 580 1690 indignum,
605 1612 683 1690 quod
706 1612 743 1672 sit
766 1611 918 1690 peioribus
941 1622 1023 1673 ortus
1045 1646 1058 1656 -

208 1697 262 1758 Hic
284 1697 337 1758 tibi
360 1696 398 1758 sit
420 1697 518 1775 potius
542 1715 628 1774 quam
652 1706 683 1756 tu
707 1696 847 1757 mirabilis
871 1697 921 1757 illi.

208 1781 356 1860 Quidquid
379 1782 434 1843 sub
458 1790 535 1841 terra
560 1791 611 1853 est,
635 1783 664 1841 in
689 1782 819 1860 apricum
844 1783 975 1860 proleret
997 1792 1085 1855 actas

207 1866 341 1928 Deludiet
364 1867 532 1945 condetque
557 1868 689 1927 nitentia.
735 1866 807 1927 Cum
829 1866 907 1927 bene
930 1877 1034 1928 notum
1169 1878 1197 1928 25

208 1952 343 2013 Porticus
365 1952 512 2032 Agrippae
536 1963 565 2013 et
586 1954 630 2012 via
652 1961 681 2013 te
704 1952 894 2031 conspexerit
914 1954 1000 2032 Appi,

208 2037 374 2098 luctamen
398 2047 497 2110 restat,
520 2039 614 2099 Numa
639 2057 697 2116 quo
721 2037 837 2097 devenit
859 2047 889 2098 et
910 2040 1019 2100 Ancus.
1043 2072 1083 2083 -

208 2123 240 2182 Si
262 2123 338 2184 latus
360 2133 412 2184 aut
432 2142 520 2184 renes
542 2123 647 2184 morbo
670 2132 853 2203 temptantur
875 2132 971 2199 acuto,

209 2207 323 2278 Quaere
345 2210 443 2287 lugam
468 2209 573 2269 morbi.
618 2210 667 2270 Vis
688 2218 769 2269 recte
790 2209 887 2270 vivere
910 2242 924 2254 ·
947 2209 1013 2288 quis
1036 2207 1121 2269 non?
1145 2243 1167 2281 ·,

209 2293 240 2352 Si
262 2294 354 2353 virtus
377 2294 432 2353 boc
455 2312 513 2353 una
536 2305 634 2373 potest
656 2295 734 2367 dare,
757 2295 842 2354 fortis
865 2294 979 2355 omissis
1168 2305 1213 2354 30'

209 2377 273 2439 Hoc
296 2396 349 2454 age
372 2378 492 2438 deliciis,
537 2379 678 2438 Virtutem
701 2377 790 2438 verba
814 2388 900 2456 putas
922 2388 951 2438 et

209 2462 323 2524 Lucum
345 2463 441 2539 ligna:
465 2480 533 2522 care
557 2482 593 2523 ne
617 2473 721 2541 portus
743 2470 868 2540 occupet
890 2462 972 2533 alter,

209 2548 251 2608 Ne
275 2547 447 2628 Cibyratica,
471 2567 509 2607 ne
531 2548 656 2626 Ritbyna
679 2547 796 2624 negotia
818 2547 925 2624 perdas
933 2563 941 2618 ;

209 2632 286 2694 llille
308 2633 419 2693 talenta
441 2634 650 2705 rotundeutur‚
674 2632 794 2691 totidem
819 2631 918 2703 altera,
942 2648 1031 2709 porro
1055 2640 1084 2691 et

209 2717 308 2778 Tertia
331 2718 491 2779 succedant
514 2725 542 2777 et
565 2735 641 2796 quae
663 2735 731 2796 pars
754 2717 877 2795 quadrat
899 2734 1045 2776 acervum.
1169 2728 1196 2776 35

211 2803 329 2863 Scilicet
351 2822 472 2864 uxorem
496 2820 562 2862 cum
586 2804 652 2862 dote
676 2803 822 2880 fidemque
845 2810 874 2861 et
896 2801 1005 2861 amicos

210 2887 247 2947 Et
269 2906 365 2966 genus
388 2899 417 2948 et
440 2889 563 2948 formam
587 2888 688 2966 regina
712 2887 841 2947 Pecunia
866 2887 956 2946 donat

211 2976 251 3032 Ac
274 2974 351 3034 bene
374 2982 558 3034 nummatum
583 2973 702 3032 decorat
725 2970 847 3032 Suadela
871 2971 1038 3048 Venusque.

210 3057 364 3138 Mancipiis
386 3060 518 3138 locuples
541 3067 608 3135 eget
630 3056 705 3117 aeris
728 3055 934 3135 Cappadocum
955 3073 1021 3114 rex:

211 3143 253 3203 Ne
277 3145 367 3206 lucris
389 3145 436 3204 bic
458 3152 500 3203 tu.
545 3141 716 3222 Cblamydes
739 3141 888 3213 Lucullus,
912 3149 944 3201 ut
966 3140 1057 3212 aiunt,
1168 3152 1197 3200 to

211 3227 242 3288 Si
265 3239 365 3308 posset
387 3237 507 3290 centum
530 3245 652 3288 scaenae
675 3226 818 3306 praebere
841 3234 971 3304 rogatus

207 3305 279 3384 ‘Qui
301 3332 421 3392 possum
445 3304 523 3373 totl'
548 3313 602 3389 ait;
622 3307 734 3373 ‘tamen
752 3320 781 3372 et
796 3329 934 3390 quaeram
950 3319 979 3371 et
994 3319 1067 3389 quot
1080 3308 1197 3370 habebo

210 3394 340 3458 Mittam?
383 3399 454 3458 Post
476 3397 573 3475 paullo
597 3396 708 3471 scribit,
731 3397 786 3458 sibi
811 3397 887 3457 milia
911 3397 1043 3475 quinque

210 3482 283 3543 Esse
306 3482 384 3543 domi
408 3482 608 3563 chlamydum:
633 3491 746 3562 partem
768 3483 813 3543 vel
836 3483 954 3543 tolleret
975 3481 1081 3541 omnis.

215 3733 244 3785 Vl
262 3752 285 3787 o.
306 3737 340 3799 [8]
359 3736 390 3785 Μ
406 3737 471 3787 1874
490 3739 600 3784 auctore
618 3733 742 3784 Nouello
768 3734 803 3795 cf.
821 3731 909 3800 praef.
936 3750 960 3784 a.
987 3734 1052 3785 1879
1076 3747 1102 3796 p.
1122 3729 1172 3780 blll
1193 3728 1197 3794 Ι

127 3807 155 3857 11
184 3808 300 3855 externat
322 3804 457 3854 Iocodsiua
484 3804 542 3853 lect.
562 3802 627 3853 Van.
651 3818 680 3867 p.
703 3805 749 3853 157
773 3806 876 3854 exercet
892 3800 1068 3852 Marklandua
1094 3815 1135 3863 ep.
1164 3799 1199 3847 ud

123 3871 174 3923 Fr.
193 3871 263 3921 liare
279 3889 306 3938 p.
327 3876 374 3924 115
393 3873 450 3923 coll.
468 3889 494 3938 p.
515 3873 563 3924 112
575 3886 629 3935 sqq.
646 3867 650 3936 1
668 3873 699 3922 16
712 3874 782 3937 petet
801 3871 806 3936 l
828 3870 1036 3934 metumtot
1061 3871 1134 3932 putes
1150 3867 1154 3934 Ι
1170 3870 1198 3916 ut

135 3943 160 4004 o)
177 3941 181 4004 l
197 3941 229 3991 at
248 3944 273 3990 et
292 3957 342 3992 om.
359 3943 394 4004 (o)
410 3943 413 4006 l
429 3943 462 3992 35
481 3939 588 4006 quadret
605 3940 641 4003 (o)
