2656 4448
516 242 688 295 chamutum
705 244 714 294 l
734 248 756 298 1.
776 247 799 296 2.

258 416 317 478 Seu
333 417 392 477 visa
410 423 455 477 est
470 415 574 476 catulis
589 433 673 476 cerva
688 416 832 488 fidelibus,

256 501 315 562 Seu
331 501 412 580 rupit
427 509 536 561 teretes
550 500 662 562 Marsus
679 520 749 580 aper
763 502 876 580 plagas:

256 587 302 647 Me
317 587 471 647 doctarum
487 586 611 646 hederae
626 587 753 664 praemia
770 588 910 648 frontium

184 683 213 733 30
256 673 306 733 Dis
321 671 447 732 miscent
462 671 586 750 superis,
602 690 648 731 me
663 670 791 750 gelidum
807 691 910 734 nemus

256 756 519 837 Nympharumque
534 755 611 816 leves
627 774 693 816 cum
710 756 820 836 Satyris
835 758 916 818 chori

258 844 427 903 Secernunt
442 840 560 920 populo,
577 841 601 901 si
617 859 715 918 neque
730 841 816 901 tibias

259 927 389 1005 Euterpe
405 924 524 998 cohibet
539 943 594 985 nec
609 925 802 1006 Polyhymnia

259 1011 406 1072 Lesboum
422 1010 531 1088 refugit
546 1009 668 1070 tendere
683 1011 838 1084 barbiton;

186 1107 216 1157 at
259 1095 370 1167 Quodsi
386 1114 433 1155 me
448 1093 547 1174 lyricis
561 1095 676 1155 vatibus
691 1096 814 1169 inseres,

259 1180 384 1241 Sublimi
400 1180 502 1241 leriam
518 1178 612 1240 sidera
628 1180 746 1240 vertice.

655 1465 681 1524 ΙΙ

261 1585 321 1646 lam
337 1584 406 1645 satis
421 1583 508 1644 terris
524 1583 597 1644 nivis
612 1593 700 1663 atque
715 1585 795 1645 dirae

261 1669 419 1732 Grandiois
435 1669 513 1730 misit
528 1677 612 1747 pater
627 1680 655 1730 et
669 1669 796 1730 rubente

260 1756 383 1815 Dextera
400 1772 497 1815 sacras
512 1753 653 1814 iaculatus
668 1755 743 1814 arcis

309 1889 311 1894 ⁴
335 1840 454 1899 Terruit
468 1837 582 1911 urbem,

204 1970 219 2020 5
262 1958 380 2018 Terruit
396 1965 508 2034 gentes,
525 1974 610 2033 grave
628 1974 665 2015 ne
682 1955 792 2015 rediret

263 2042 418 2104 Saeculum
434 2040 563 2120 Pyrrhae
580 2059 653 2100 nova
670 2050 802 2101 monstra
817 2050 947 2119 questae‚

264 2127 360 2188 Omne
376 2144 443 2186 cum
461 2128 586 2185 Proteus
600 2144 692 2204 pecus
708 2127 767 2204 egit
782 2126 856 2188 altos

338 2211 439 2272 Visere
454 2210 563 2270 montis

263 2329 391 2390 Piscium
408 2337 438 2388 et
452 2346 564 2389 summa
582 2347 676 2406 genus
691 2329 785 2390 haesit
799 2329 888 2401 ulmo,

193 2425 221 2476 10
264 2415 337 2475 Nota
355 2432 428 2492 quae
444 2412 528 2473 sedes
544 2414 639 2472 luerat
654 2414 806 2488 columbis

263 2499 300 2558 Et
314 2499 481 2577 superiecto
496 2498 616 2576 pavidae
632 2506 771 2559 natarunt

340 2584 476 2661 Aequore
492 2583 631 2647 dammae.

266 2702 400 2762 Vidimus
415 2702 520 2763 ssavum
536 2700 665 2761 Tiberim
680 2701 799 2762 retortis

266 2788 365 2847 Litore
381 2787 507 2848 Etrusco
522 2786 667 2847 violenter
681 2787 768 2848 undis

193 2884 222 2934 u
265 2872 311 2932 lre
327 2872 472 2933 deiectum
488 2880 680 2933 monumenta
696 2873 773 2952 regis

342 2958 523 3036 Templaque
539 2957 650 3031 Vestae,

264 3076 333 3136 lliae
349 3076 418 3136 dum
434 3095 466 3136 se
483 3077 605 3136 nimium
622 3075 758 3154 querenti

266 3162 355 3222 lactat
369 3161 496 3220 ultorem
513 3180 602 3239 vagus
618 3169 647 3219 et
661 3160 779 3220 sinistra

266 3246 389 3307 Labitur
405 3245 466 3324 ripa
483 3245 550 3305 love
566 3264 626 3305 non
643 3244 788 3322 probante
803 3261 837 3302 u·

194 3342 223 3392 20
341 3331 442 3391 xorius
457 3331 561 3390 amnis.

269 3449 373 3510 Audiet
389 3448 458 3509 civis
474 3449 588 3509 acuisse
603 3450 723 3521 ferrum,

266 3535 333 3605 Quo
348 3551 450 3612 graves
466 3533 571 3594 Persae
585 3533 690 3594 melius
704 3532 846 3612 perirent,

268 3618 373 3680 Audiet
387 3637 503 3696 pugnas
518 3619 587 3679 vitio
602 3629 758 3698 parentum

343 3703 419 3763 Rara
434 3705 580 3765 iuventus.

139 3823 344 3834 .—-.-—.—-

226 3869 276 3922 lo.
296 3872 327 3922 ³5
345 3871 436 3922 inseris

226 3937 245 3988 ll
262 3955 285 3990 o.
304 3940 408 4005 [9-12]
429 3940 510 3990 HMh*
526 3940 530 4006 Ι
549 3943 578 3992 10
603 3940 729 4006 palumbis
745 3940 748 4006 l
765 3942 885 4004 [tr-24]
905 3941 928 3990 H
