2656 4448
490 239 662 293 GthlllNUM
679 241 699 293 ll
718 244 758 295 17.
779 245 817 295 18.

248 415 413 494 Utrumque
429 424 564 476 nostrum
581 415 746 476 incredibili
763 416 850 476 modo

249 499 405 560 Consentit
420 508 540 561 astrum.
570 501 613 561 'le
630 501 706 562 lovis
721 501 812 581 impio

295 584 398 645 Tutela
414 586 543 646 Saturno
559 586 710 665 refulgens

232 695 236 701 ·
344 669 462 749 Eripuit
476 670 663 749 volucrisque
678 671 741 732 Fati

247 786 383 848 Tardavit
398 789 466 862 alas,
482 807 549 848 cum
565 789 694 870 populus
708 791 850 868 frequens

248 871 370 933 Laetum
386 874 508 934 theatris
521 883 568 934 ter
582 875 698 953 crepuit
713 892 835 936 sonum:

296 957 341 1018 lle
357 966 481 1019 truncus
497 959 628 1037 inlapsus
643 958 768 1020 cerebro

347 1043 521 1116 sustulerat,
538 1044 594 1104 nisi
611 1044 730 1106 Faunus
747 1046 838 1106 ictum

250 1160 358 1221 Dextra
373 1161 505 1236 levasset,
520 1162 736 1223 Mercurialium

250 1245 353 1307 Custos
367 1247 508 1307 virorum.
538 1247 672 1309 Reddere
689 1248 820 1309 victimas

294 1331 464 1408 Aedemque
480 1333 604 1392 votivam
621 1343 786 1393 memento:

345 1415 406 1476 Nos
421 1416 562 1476 humilem
578 1418 718 1477 feriemus
733 1435 850 1495 agnam.

613 1669 704 1728 llVlll

250 1786 317 1846 Non
333 1785 408 1845 ebur
423 1804 523 1865 neque
538 1803 661 1847 aureum

296 1870 360 1930 lllea
375 1871 491 1931 renidet
505 1871 536 1931 in
553 1870 640 1932 domo
657 1872 788 1945 lacunar,

248 1955 315 2015 Non
331 1954 430 2016 trabes
446 1955 610 2035 Hymettiae

296 2041 439 2101 Premunt
455 2040 608 2101 columnas
622 2041 724 2102 ultima
740 2042 849 2103 recisas

248 2125 345 2185 Africa
362 2144 459 2203 neque
475 2124 561 2185 Attali

300 2211 423 2286 lgnotus
438 2210 526 2270 heres
542 2210 651 2288 regiam
668 2211 810 2292 occupavi

253 2294 315 2354 Nec
331 2294 492 2355 Laconicas
508 2295 579 2354 mihi

297 2379 431 2441 Trahunt
446 2380 587 2440 honestae
603 2400 752 2461 purpuras
768 2381 905 2444 clientae:

252 2464 289 2524 At
303 2464 375 2524 tides
391 2473 419 2525 et
434 2464 537 2542 ingeni

300 2548 434 2629 Benigna
448 2568 523 2609 vena
539 2557 583 2609 est
598 2568 821 2630 pauperemque
837 2549 916 2610 dives

249 2633 296 2694 Me
313 2634 402 2713 petit;
419 2634 493 2694 nihil
507 2652 595 2712 supra
691 2712 694 2716 ⁴

296 2718 374 2779 Deos
390 2719 501 2780 lacesso
517 2736 573 2778 nec
589 2727 743 2797 potentem
757 2721 884 2780 amicum

250 2802 392 2881 Largiora
407 2803 516 2881 flagito,

299 2888 375 2949 Satis
391 2887 494 2948 beatus
509 2887 606 2948 unicis
622 2887 747 2948 Sabinis.
764 2923 805 2932 -

254 2972 396 3034 Truditur
411 2974 472 3032 dies
488 2972 535 3031 die

298 3057 456 3135 Novaeque
472 3066 601 3135 pergunt
617 3056 739 3117 interire
754 3056 852 3117 lunae.

256 3141 302 3202 Tu
316 3142 443 3203 secanda
458 3159 605 3202 marmora
626 3185 628 3188 -

298 3225 391 3288 Locas
407 3227 461 3289 sub
478 3227 575 3305 ipsum
592 3227 682 3287 funus
698 3234 727 3287 et
741 3226 870 3306 sepulcri

256 3309 407 3372 inmemor
422 3312 511 3374 struis
527 3312 630 3372 domos

299 3396 446 3475 Manisque
461 3396 538 3456 Baiis
554 3396 754 3476 obstrepentis
769 3414 858 3474 urges

254 3480 435 3542 Submovere
451 3482 546 3552 litora,
564 3476 568 3482 ’

302 3565 408 3626 Parum
425 3566 559 3644 locuples
574 3566 747 3626 continente
763 3565 841 3644 ripa;

123 3703 328 3711 ..—

212 3797 278 3851 XVll
296 3816 320 3852 o.
341 3801 372 3853 25
392 3799 431 3851 cui
452 3800 639 3850 Lachmannur
655 3800 742 3865 (1844)
761 3799 796 3851 bl.
815 3798 891 3850 Sclir.
908 3797 928 3849 ll
947 3800 978 3850 82

212 3865 290 3918 XVlll
309 3885 332 3919 v.
353 3871 368 3920 8
387 3867 495 3920 clientes
514 3873 540 3918 et
557 3866 674 3919 clientiae
690 3867 694 3934 Ι
712 3871 743 3920 14
761 3867 842 3919 unicis
860 3866 971 3929 Sabinis]
989 3882 1014 3918 o.
1028 3864 1199 3914 Lachmanno

126 3940 236 3987 auctore
253 3937 278 3985 H
295 3939 382 4003 (1873)
401 3952 488 4002 opatsc.
506 3936 535 3988 lll
554 3937 645 4000 bidrq.
