2656 4448
174 213 237 277 202

552 219 782 274 EPISTULARUM
800 223 810 274 l
830 227 870 277 15.

260 395 354 456 blaior
375 402 475 454 utrum
496 393 640 472 populum
664 394 804 454 frumenti
827 395 910 474 copia
933 406 1048 474 paseat;

190 489 199 502 '
258 480 443 543 collectosne
467 477 569 538 bibant
590 478 693 539 imbris
715 487 860 558 puteosne
882 481 1023 558 perennis

259 565 338 645 lugis
361 582 453 642 aquae
476 597 490 608 ·
513 581 581 624 nam
603 563 669 623 vina
694 564 766 624 nihil
788 582 889 625 moror
910 565 987 626 illius
1010 584 1088 627 orae.

259 651 339 711 Rura
362 667 428 709 meo
451 667 570 728 possum
595 648 707 727 quidvis
729 650 863 727 perferre
884 651 1019 729 patique:

260 736 303 796 hd
326 752 406 795 mare
430 752 496 795 cum
520 734 597 806 veni,
620 751 798 812 generosum
822 744 851 795 et
873 735 940 796 lene
962 736 1092 814 requiro,

260 820 346 893 Quod
369 837 454 880 curas
476 818 582 897 abigat,
605 820 683 897 quod
707 837 775 880 cum
798 838 851 898 spe
874 819 960 880 divite
983 832 1083 881 manet

259 906 293 966 ln
316 922 406 966 venas
429 904 619 982 animumque
642 922 750 978 meum,
774 904 852 982 quod
876 904 964 965 verba
986 906 1143 979 ministret,

260 991 345 1062 Quod
368 1008 415 1050 ma
437 988 574 1050 Lucanae
596 989 731 1049 iuvenem
754 989 942 1050 commendet
963 991 1073 1051 amicae
1096 1010 1126 1065 ·;

260 1076 384 1137 Tractus
407 1082 472 1134 uter
494 1074 588 1153 pluris
609 1074 735 1152 lepores,
758 1083 825 1135 uter
847 1075 952 1135 educet
974 1095 1077 1155 apros;

260 1160 331 1221 Utra
353 1159 445 1238 magis
467 1159 555 1239 piscis
578 1168 607 1219 et
629 1159 752 1220 echinos
774 1178 901 1238 aequora
925 1160 1031 1235 celent,

259 1245 382 1325 Pinguis
403 1254 438 1305 ut
458 1244 528 1306 inde
550 1244 669 1305 domum
691 1243 803 1322 possim
826 1245 1000 1324 Phaeaxque
1021 1247 1138 1322 reverti,

260 1330 396 1391 Scribere
418 1339 447 1390 ta
470 1328 568 1403 nobis,
590 1329 642 1389 tibi
666 1348 720 1390 nos
742 1329 899 1391 adcredere
923 1349 976 1409 par
999 1340 1052 1392 est.
1075 1365 1117 1375 -
1207 1327 1211 1333 ’

260 1416 404 1488 Maenius,
429 1425 462 1476 ut
482 1414 572 1475 rebus
593 1415 735 1475 maternis
758 1425 846 1493 atque
868 1417 1000 1494 paternis

259 1501 388 1562 Fortiter
410 1499 573 1579 absumptis
596 1500 728 1560 urbanus
751 1501 849 1578 coepit
870 1500 972 1562 haberi

259 1587 378 1661 Scurra,
400 1604 490 1664 vagus
514 1605 574 1646 non
598 1585 649 1664 qui
672 1596 784 1646 eertum
807 1603 949 1665 praesepe
971 1594 1096 1657 teneret,

258 1670 431 1751 impransus
453 1690 513 1731 non
539 1670 589 1748 qui
612 1671 703 1732 civem
727 1671 895 1732 dinosceret
916 1671 1010 1743 hoste,

258 1756 413 1826 Quaelibet
435 1757 465 1817 in
490 1755 622 1835 quemvis
644 1755 804 1835 opprobria
826 1757 939 1836 tingere
962 1774 1075 1828 saevus,

260 1842 412 1902 Pernicies
434 1851 463 1902 et
484 1850 643 1920 tempestas
665 1841 894 1920 barathrumque
917 1840 1041 1913 macelli,

258 1926 406 2005 Quidquid
430 1927 596 2004 quaesierat
616 1926 712 1986 ventri
734 1926 862 1987 donabat
883 1945 977 1987 avaro.

258 2011 322 2086 llic,
344 2011 396 2072 ubi
419 2013 568 2090 nequitiae
590 2011 754 2072 fautoribus
776 2020 806 2072 et
826 2012 934 2073 timidis
957 2011 1000 2072 nil

260 2098 317 2157 hut
338 2097 469 2176 paullum
493 2096 659 2170 abstulerat,
683 2097 796 2176 patinas
819 2097 944 2158 cenabat
966 2096 1056 2158 omasi
1093 2118 1097 2125 ·

245 2182 328 2242 ·Vilis
351 2190 380 2242 et
401 2182 537 2260 agninae,
559 2180 654 2242 tribus
676 2182 754 2242 ursis
776 2183 854 2260 quod
877 2183 947 2243 satis
969 2191 1062 2255 esset;

257 2266 375 2327 Scilicet
397 2276 429 2326 ut
451 2277 569 2326 ventres
591 2267 689 2326 lamna
711 2266 856 2327 candente
881 2277 1022 2346 nepotum

257 2352 374 2412 lliceret
394 2351 526 2412 urendos
548 2361 701 2412 correctus
724 2351 848 2413 bestius.
893 2352 982 2425 Idem,

258 2436 408 2516 Quidquid
430 2446 493 2498 arat
515 2445 619 2498 nactus
642 2437 766 2516 praedae
787 2437 915 2510 maioris,
938 2437 989 2498 ubi
1012 2454 1100 2497 omne

254 2517 389 2582 Verterat
410 2522 440 2583 in
464 2523 577 2582 fumum
602 2532 632 2583 et
653 2523 794 2594 cinerem,
815 2516 889 2582 ‘non
914 2522 1033 2583 hercule
1056 2515 1169 2598 miror‚'

256 2607 367 2680 Aiebat,
387 2600 476 2685 ‘siqui
501 2607 661 2668 comedunt
683 2607 771 2680 bona,
795 2625 861 2668 cum
885 2607 922 2668 sit
945 2607 1034 2668 obeso

255 2692 302 2752 Nil
324 2692 429 2752 melius
452 2692 547 2765 turdo,
572 2692 614 2752 uil
633 2693 714 2752 volva
737 2692 890 2772 pulchrius
912 2681 1024 2771 ampla.³

256 2777 400 2838 Nimirum
424 2777 472 2837 hie
495 2795 549 2854 ego
573 2795 647 2838 sum.
691 2778 762 2836 Nam
786 2787 847 2837 tuta
870 2786 900 2837 et
920 2779 1038 2856 parvola
1061 2777 1159 2852 laudo,

258 2859 328 2920 Cum
353 2879 399 2923 res
422 2862 571 2936 deficiunt,
595 2863 664 2923 satis
686 2862 763 2922 iuter
784 2862 849 2922 vilia
873 2863 973 2939 lortis3

257 2946 364 3006 Verum
388 2946 438 3007 ubi
461 2947 530 3025 quid
554 2947 658 3008 melius
681 2946 828 3025 contingit
850 2957 879 3007 et
901 2948 1028 3021 unctius,
1050 2947 1129 3008 idem

187 3041 195 3080 ἴ
256 3029 314 3091 Vos
335 3049 439 3110 sapere
462 3042 492 3092 et
513 3033 592 3094 solos
614 3033 659 3092 aio
682 3032 759 3092 bene
781 3032 887 3106 virere,
911 3051 1037 3111 quorum

257 3114 443 3194 Conspicitur
466 3118 564 3179 nitidis
586 3117 706 3179 fundata
730 3117 856 3195 pecunia
879 3118 962 3178 villis.

255 3364 301 3416 XV
313 3382 336 3416 o.
352 3368 382 3418 ld
395 3365 476 3419 dulcis
493 3368 496 3435 Ι
514 3372 543 3422 ll
558 3369 666 3435 quodvis
684 3367 717 3420 Ν.
730 3369 853 3419 Heinsius
868 3369 971 3422 Obsoro.
984 3367 1013 3418 lll
1028 3370 1059 3422 13
1075 3385 1103 3435 p.
1118 3371 1168 3423 493
1179 3387 1219 3436 eq.
1237 3365 1243 3439 Ι

171 3435 201 3484 27
215 3450 252 3498 aq.
272 3434 387 3485 destinor·
404 3451 464 3486 eum
482 3437 541 3498 Am
560 3439 646 3489 haberi
666 3452 750 3489 scurra
770 3451 858 3502 vagus,
876 3442 903 3486 et
921 3437 1017 3500 haberi,
1035 3452 1131 3504 scurra,
1151 3453 1244 3504 vagus,

170 3505 196 3551 et
213 3501 300 3553 haberi
319 3518 416 3568 scurra,
435 3520 530 3570 vagus,
553 3506 698 3566 albabeti,
723 3520 808 3556 scurra
830 3519 923 3569 vagus,
950 3505 984 3557 ol.
1011 3503 1017 3570 Ι
1045 3507 1078 3557 32
1097 3505 1245 3558 donarato

168 3570 399 3690 ffiffipgglpllam
417 3571 504 3626 Bentl.
521 3575 525 3641 Ι
541 3575 572 3625 35
592 3574 678 3638 agnini
693 3575 697 3638 Ι
717 3574 748 3624 37
769 3578 901 3638 correptus
919 3590 934 3624 o
954 3578 1081 3624 corrector
1098 3575 1144 3638 (a),
1163 3573 1247 3626 Lam-

247 3677 254 3700 ,
352 3681 357 3691 .
