2656 4448
125 209 167 266 86
525 210 696 262 GARMlNUM
714 211 747 263 lV
765 216 790 264 4.

182 392 212 441 25
256 382 391 456 Sensere,
415 381 483 460 quid
507 401 591 442 mens
612 383 678 455 rite,
703 384 772 461 quid
795 384 909 447 indoles

253 467 367 527 Nutrita
390 467 492 528 faustis
514 467 568 527 sub
590 468 792 546 penetralibus

298 553 411 624 Posset,
435 551 505 629 quid
529 553 651 630 Augusti
674 563 815 631 paternus

350 637 383 696 ln
408 654 518 716 pueros
539 638 655 697 animus
678 638 819 698 Nerones.
843 672 884 680 -

254 756 357 817 Fortes
381 764 518 815 creantur
540 756 667 816 fortibus
690 765 719 816 et
741 756 847 817 bonis:
871 824 874 829 .

182 852 211 902 30
254 841 306 901 Est
328 841 358 901 in
382 841 522 913 iuvencis,
546 850 589 900 est
610 841 640 900 in
665 841 747 919 equis
770 851 885 919 patrum

299 925 408 998 Virtus,
433 943 529 1002 neque
553 925 690 984 inbellem
715 927 829 986 seroces

350 1010 555 1088 Progenerant
578 1009 691 1087 aquilae
714 1010 895 1080 columbam;

255 1129 395 1190 Doctrina
418 1128 467 1188 sed
491 1129 548 1187 vim
571 1136 725 1206 promovet
748 1128 865 1189 insitam

257 1213 400 1293 Rectique
423 1213 519 1273 cultus
542 1220 661 1290 pectora
684 1212 843 1273 roborant:

186 1308 214 1358 35
302 1299 467 1376 Utcumque
490 1297 624 1357 defecere
647 1316 754 1371 moreS,

355 1384 540 1444 Dedecorant
562 1382 639 1442 bene
664 1392 730 1442 nata
754 1383 867 1462 culpae.
891 1420 933 1430 —

257 1501 333 1570 Quid
357 1502 472 1571 debeas,
496 1521 512 1561 o
536 1500 637 1574 Roma,
659 1501 837 1573 Neronibus

256 1586 350 1648 Testis
372 1588 536 1647 Metaurum
560 1586 670 1645 llumen
695 1595 722 1645 el
745 1585 909 1648 Hasdrubal

303 1672 440 1733 Devictus
463 1681 492 1732 et
513 1671 637 1750 pulcher
659 1670 765 1748 iugatis

183 1765 212 1814 lu
354 1757 404 1817 llle
427 1756 489 1817 dies
511 1756 593 1816 Latio
616 1755 756 1827 tenebris,

255 1875 312 1944 uui
334 1876 448 1955 primus
471 1875 544 1934 alma
568 1874 630 1934 risit
653 1875 768 1944 adorea,

255 1959 345 2020 Dirus
367 1977 421 2038 per
443 1959 525 2019 urbis
547 1959 617 2018 Aler
639 1969 671 2018 ut
694 1959 779 2018 ltalas

302 2044 363 2105 Ceu
386 2045 500 2104 llamma
524 2062 578 2122 per
601 2043 698 2103 laedas
720 2043 764 2102 vel
787 2043 885 2103 Eurus

352 2130 409 2188 l'er
433 2128 545 2190 Siculas
568 2128 706 2206 equitavit
728 2129 830 2188 undas.

185 2258 214 2305 45
260 2246 330 2307 Post
351 2249 407 2307 hoc
430 2246 568 2308 secundis
591 2265 684 2324 usque
708 2246 858 2307 laboribus

256 2331 388 2392 Romana
412 2332 506 2410 pubes
529 2332 618 2392 crevit
641 2340 670 2390 et
692 2332 783 2409 impio

302 2417 415 2478 Vastata
438 2418 607 2478 Poenorum
631 2416 758 2476 tumultu

351 2502 429 2562 Fana
447 2504 523 2563 deos
545 2501 673 2562 habuere
696 2510 803 2573 rectos,

255 2619 391 2700 Dixitque
413 2622 531 2680 tandem
554 2619 685 2697 perfidus
707 2619 870 2678 llannibal:

184 2712 213 2761 50
253 2696 360 2779 ‘Cervi
383 2707 521 2785 luporum
545 2707 651 2783 praeda
675 2705 834 2782 rapacium,

301 2791 454 2852 Sectamur
477 2791 566 2862 ultro,
591 2808 665 2867 quos
689 2788 803 2868 opimus

352 2876 464 2936 Fallere
489 2886 517 2936 et
541 2875 671 2951 ellegere
694 2883 739 2933 est
760 2874 936 2952 triumphus.

257 2995 344 3068 Gens,
369 3012 443 3072 quae
466 3003 594 3053 cremato
618 2993 702 3052 lortis
725 2991 761 3051 ab
785 2991 836 3050 llio

256 3078 363 3138 lactata
386 3078 488 3139 Tuscis
511 3078 689 3156 aequoribus
712 3094 794 3136 sacra

184 3172 213 3221 55
299 3163 449 3239 Notosque
472 3173 662 3240 maturosque
686 3170 783 3240 patres

352 3246 474 3307 Pertulit
496 3247 642 3307 Ausonias
665 3248 700 3306 ad
723 3245 821 3316 urbes,

254 3363 342 3425 Duris
363 3375 396 3425 ut
419 3365 474 3424 ilex
496 3374 581 3425 tonsa
605 3364 784 3442 bipennibus

254 3449 360 3527 Nigrae
383 3451 471 3511 leraci
495 3450 608 3509 frondis
630 3449 659 3508 in
684 3448 797 3527 Algido,

303 3535 361 3596 Per
383 3535 497 3609 domna,
521 3553 575 3613 per
598 3534 710 3607 caedes,
735 3534 770 3595 ab
794 3535 857 3612 ipso

182 3628 211 3677 60
353 3620 440 3680 Ducit
464 3639 536 3699 opes
559 3621 748 3697 animumque
771 3621 860 3679 lerro.

212 3836 245 3888 lV
264 3856 287 3889 v.
307 3839 339 3888 36
358 3834 507 3887 indecorant
522 3840 525 3900 l
542 3839 575 3888 42
588 3836 665 3889 durus
677 3840 712 3904 (o)
728 3837 731 3904 Ι
748 3835 900 3900 [lb-lm*
924 3835 928 3901 l
951 3836 982 3885 53
997 3838 1107 3884 cremata
1122 3834 1210 3886 Loeb-

128 3907 278 3958 maneval.
297 3905 333 3956 ad
351 3920 372 3957 e.
390 3903 399 3954 l
420 3907 459 3967 10,
480 3907 512 3956 14
530 3905 546 3957 l.
