2656 4448
127 191 168 250 98
493 188 665 241 CARMlNUM
683 189 716 242 tv
737 193 776 244 14.
798 195 836 244 15.

184 377 214 426 tt
257 365 308 437 Te,
333 363 460 423 sontium
483 362 534 440 qui
557 362 632 422 celat
654 362 795 440 origines,

255 449 398 526 Nilusque
421 456 450 507 et
472 447 555 520 ister,
578 455 607 506 te
630 447 749 526 rapidus
772 448 877 529 Tigris,
946 504 949 508 .

304 534 345 594 Te
368 533 508 594 beluosus
530 532 580 609 qui
603 532 724 593 remotis

356 617 508 696 Obstrepit
530 617 667 678 Oceanus
689 617 849 690 Britannis,

263 736 305 799 Te
329 755 389 796 uon
412 736 545 815 paventis
568 737 672 796 funcra
696 734 805 797 Galliae

189 833 218 884 ω
261 823 417 899 Duraeque
440 820 525 882 tellus
547 821 628 880 audit
651 820 796 893 Hiberiae,

306 906 347 967 Te
371 906 458 966 caede
480 906 641 985 gaudentes
664 905 817 984 Sygambri

358 991 535 1069 Compositis
556 1001 737 1050 venerantur
759 991 856 1051 armis.

647 1242 696 1301 XV

263 1362 399 1424 Phoebus
422 1361 567 1422 volentem
591 1362 702 1440 proelia
724 1380 771 1421 me
794 1362 874 1440 ioqui

263 1450 358 1509 Victas
381 1456 409 1508 et
431 1447 512 1507 urbis
535 1446 682 1525 increpuit
703 1446 774 1526 lyra,

309 1535 351 1594 Ne
375 1550 461 1612 parva
485 1532 671 1612 Tyrrhenum
695 1550 748 1610 per
771 1550 882 1610 aequor

361 1617 430 1677 Vela
454 1618 562 1676 darem.
608 1616 678 1689 Tua,
703 1615 815 1689 Caesar,
839 1625 918 1678 aetas

206 1749 220 1797 5
266 1736 379 1816 Fruges
403 1747 432 1796 et
454 1736 530 1814 agris
552 1736 663 1797 rettulit
686 1735 793 1795 uberes

264 1823 302 1882 Et
326 1823 408 1900 signa
433 1831 535 1881 nostro
558 1821 686 1882 restituit
705 1821 764 1881 iovi

312 1907 438 1984 Derepta
462 1906 635 1965 Parthorum
659 1906 793 1984 superbis

362 1990 501 2050 Postibus
523 2000 552 2049 et
573 2010 697 2050 vacuum
721 1989 824 2050 duellis

267 2109 370 2168 Ianum
394 2107 510 2178 Quirini
534 2108 637 2169 clausit
659 2118 688 2168 et
711 2109 843 2168 ordinem

195 2205 223 2254 10
266 2195 390 2254 Rectum
413 2194 546 2272 evaganti
568 2195 651 2253 irena
674 2193 808 2253 licentiae

313 2278 417 2339 luieeit
438 2279 603 2357 emovitque
626 2278 727 2356 culpas

364 2363 402 2424 Et
423 2373 535 2424 veteres
557 2364 699 2424 revocavit
721 2363 800 2435 artis,

266 2483 323 2543 Per
345 2501 418 2561 quas
441 2482 579 2543 Latinum
603 2500 712 2542 nomeu
736 2491 765 2540 et
790 2481 875 2541 italae

270 2568 392 2628 Crevere
414 2568 490 2628 vires
513 2569 647 2647 famaque
671 2576 700 2627 et
721 2566 825 2644 imperi

199 2665 226 2713 15
312 2654 451 2713 Porrecta
474 2654 609 2714 maiestas
632 2653 665 2712 ad
690 2663 772 2711 cetus

368 2738 443 2799 Solis
466 2740 500 2797 ab
524 2738 666 2816 Hesperio
689 2737 788 2797 cubili.
811 2768 852 2778 -

269 2854 396 2917 Custode
418 2875 517 2916 rerum
541 2856 663 2917 Caesare
687 2875 747 2915 oon
772 2855 854 2914 furor

270 2941 365 3001 Civilis
386 2952 436 3001 aut
457 2942 499 3001 vis
521 2943 629 3002 eximet
651 2941 752 3011 otium,

316 3025 380 3085 Non
404 3027 456 3098 ira,
479 3045 554 3105 quae
576 3027 714 3106 procudit
736 3026 815 3086 ensis

199 3121 228 3170 tt
370 3109 408 3169 Et
431 3112 552 3172 miseras
574 3113 706 3172 inimicat
728 3111 818 3181 urbis,

271 3228 336 3287 Non
361 3229 411 3306 qui
435 3229 615 3307 protundum
640 3230 802 3290 Danuvium
826 3227 932 3289 bibunt

273 3311 375 3372 Edicta
398 3324 537 3392 rumpent
559 3314 639 3388 Iulia,
663 3334 723 3374 nou
748 3314 847 3385 Cetae,

321 3398 386 3458 Non
412 3399 499 3460 Seres
519 3399 636 3459 infidive
658 3400 774 3473 Persae,

369 3484 435 3543 Non
459 3483 572 3544 Tanain
595 3504 689 3564 prope
713 3485 821 3544 flumen
846 3483 912 3547 orti.

230 3735 286 3786 XiV
304 3751 328 3786 υ.
347 3737 379 3786 te
399 3741 521 3802 pauentes

230 3803 277 3853 XV
295 3820 318 3856 v.
338 3806 351 3854 t
371 3803 486 3869 derepta]
505 3806 552 3869 (o):
572 3803 668 3870 direpta
685 3804 689 3870 Ι
705 3803 864 3864 somnium
884 3805 1056 3867 Passeratius,
1076 3804 1095 3856 I.
1106 3806 1139 3856 F.
1155 3805 1225 3858 Gro-

146 3874 242 3922 novius
258 3873 261 3938 Ι
280 3875 309 3925 15
328 3876 412 3922 ortum
430 3874 464 3936 (c)
480 3872 483 3939 i
500 3875 531 3925 23
551 3871 672 3939 infidique
