2656 4448
164 224 225 283 220
548 226 779 280 EPISTULARUM
797 229 817 280 11
835 231 858 282 2.

249 398 383 460 Prudens
407 399 503 460 emisti
524 401 670 474 vitiosum,
693 400 769 460 dicta
792 401 846 462 tibi
868 410 912 462 est
934 402 991 475 lex,

248 485 419 564 insequeris
441 494 539 546 umen
563 487 643 546 hunc
667 496 696 546 et
717 486 768 546 lite
789 488 914 548 moraris
938 487 1062 566 iniqua?

249 569 314 630 Ilixi
337 589 384 630 me
406 570 524 649 pigrum
547 572 748 650 proficiscenti
768 570 831 644 tibi,
854 572 914 632 dixi

247 655 368 716 Talibus
390 655 494 717 officiis
516 674 611 734 prope
634 674 782 729 mancum,
806 675 843 716 ne
866 675 932 717 mea
953 675 1055 720 saevus

248 739 384 819 lurgares
406 741 441 800 ad
463 750 492 801 te
515 742 595 820 quod
618 741 742 821 epistula
766 741 846 802 nulla
868 742 989 803 rediret.

249 825 326 896 Quid
349 834 414 886 tum
437 826 558 904 profeci,
582 845 700 886 mecum
722 826 859 887 facientia
882 827 946 888 iura

216 988 221 995 ,
248 910 278 970 Si
300 919 398 971 tamen
422 908 599 990 attemptas‘l
618 946 659 954 —
682 910 823 981 Quereris
845 930 935 990 super
956 913 1015 973 hoc
1036 914 1134 989 etiam,
1158 917 1242 998 quod

247 994 423 1075 Exspectata
445 996 498 1056 tibi
521 1015 582 1056 non
607 996 718 1056 mittam
741 996 872 1057 carmina
893 999 1030 1059 mendax.

246 1079 362 1140 Luculli
385 1081 468 1142 miles
491 1081 613 1142 collecta
635 1081 737 1141 viatica
760 1082 859 1143 multis
915 1093 921 1105 ·

246 1165 413 1238 Aerumnis,
436 1166 530 1227 lassus
552 1168 622 1227 dum
645 1175 737 1226 noctu
759 1167 863 1241 stertit,
886 1167 921 1226 ad
944 1186 1040 1231 assem

247 1250 430 1324 Perdiderat;
452 1252 599 1331 posthoc
621 1269 742 1312 vemens
764 1251 852 1332 lupus
875 1262 904 1312 et
925 1253 981 1313 sibi
1004 1263 1034 1315 et
1055 1255 1131 1316 hosti

246 1335 341 1396 lratus
363 1335 482 1415 pariter,
505 1336 612 1398 ieiunis
633 1335 773 1397 dentibus
795 1355 872 1408 acer,

246 1421 428 1482 Praesidium
452 1423 558 1499 regale·
572 1423 637 1483 loco
660 1421 774 1493 deiecit,
796 1430 830 1481 ut
851 1421 945 1494 aiunt,

246 1505 367 1566 Summe
389 1507 505 1567 munito
528 1515 557 1568 et
578 1507 736 1567 multarum
759 1507 847 1568 divite
869 1525 981 1567 rerum.

247 1591 350 1652 Clarus
373 1592 410 1652 ob
433 1592 461 1651 id
485 1593 595 1653 sactum
618 1592 705 1653 donis
729 1601 852 1652 ornatur
874 1592 1017 1665 honestis,

246 1677 361 1756 Accipit
384 1687 413 1737 et
434 1677 479 1738 bis
501 1678 576 1738 dena
599 1696 689 1756 super
711 1677 843 1738 sestertia
866 1696 1031 1739 nummum.

246 1761 334 1822 Forte
357 1761 412 1823 sub
435 1763 492 1823 hoc
515 1773 633 1841 tempus
656 1762 807 1823 castellum
830 1771 961 1823 evertere
985 1773 1102 1842 praetor

246 1847 350 1907 Nescio
375 1847 453 1925 quod
477 1849 611 1927 cupiens,
633 1848 745 1908 hortari
769 1849 868 1927 coepit
889 1848 1017 1908 eundem

246 1931 360 2003 Verbis,
385 1951 460 2010 quae
482 1933 584 1993 timido
609 1951 727 2011 quoque
750 1943 873 2011 possent
895 1933 1002 1993 addere
1023 1941 1170 1995 mentem:

243 2011 268 2075 ‘l
291 2015 379 2089 bone,
404 2036 462 2095 quo
486 2018 578 2078 virtus
600 2028 649 2078 tua
672 2027 701 2077 te
724 2026 817 2090 vocat,
840 2018 849 2077 i
872 2018 947 2097 pede
969 2019 1074 2093 fausto,

246 2101 374 2161 Grandia
396 2101 509 2162 laturus
531 2102 704 2162 meritorum
727 2101 865 2180 praemia.
910 2102 987 2173 Quid
1010 2094 1103 2165 stas‘l’

246 2186 316 2246 Post
338 2187 411 2246 haec
433 2186 482 2246 ille
504 2196 595 2259 catus,
619 2188 807 2264 quantumvis
830 2188 959 2250 rusticus
979 2184 1058 2262 ‘lbit,

246 2270 303 2331 lbit
326 2290 371 2344 eo,
394 2289 453 2349 quo
477 2271 528 2344 vis,
552 2271 602 2348 qui
625 2290 728 2332 zonam
752 2271 888 2351 perdidit'
913 2267 1019 2352 inquit.

246 2356 356 2416 Romae
380 2356 488 2417 nutriri
510 2357 581 2418 mihi
604 2357 729 2436 contigit
750 2366 839 2436 atque
862 2358 973 2432 doceri,

246 2441 341 2502 Iratus
364 2442 446 2502 Grais
470 2453 613 2520 quantum
639 2444 789 2504 nocuisset
810 2443 947 2504 Achilles.

246 2527 387 2588 Adiecere
410 2527 506 2587 bonae
530 2528 628 2607 paullo
651 2529 718 2608 plus
740 2528 811 2589 artis
833 2529 975 2600 Athenae,

246 2611 364 2673 Scilicet
386 2621 420 2672 ut
440 2613 545 2672 vellem
568 2632 657 2673 curvo
681 2614 836 2674 dinoscere
857 2622 971 2674 rectum

247 2700 342 2775 Atque
364 2698 443 2760 inter
465 2697 550 2759 silvas
572 2699 710 2759 Academi
734 2717 877 2777 quaerere
900 2716 1011 2762 verum.

246 2780 326 2841 Dura
349 2783 399 2842 sed
422 2801 558 2843 emovere
581 2783 646 2843 loco
669 2802 716 2843 me
738 2791 872 2862 tempora
894 2793 987 2860 grato,

248 2865 404 2945 Civilisque
427 2869 531 2928 rudem
554 2866 623 2928 belli
647 2868 713 2929 tulit
736 2876 833 2929 aestus
856 2869 886 2928 in
910 2886 989 2928 arma

248 2950 378 3013 Caesaris
400 2954 525 3031 Augusti
548 2972 610 3013 non
633 2972 813 3032 responsura
837 2953 962 3013 lacertis.

247 3036 332 3097 Unde
354 3037 441 3098 simul
463 3039 593 3116 primum
616 3057 664 3098 me
686 3038 823 3099 dimisere
847 3037 983 3116 Philippi,

248 3121 359 3183 Decisis
381 3123 521 3183 humilem
545 3124 646 3202 pinnis
669 3124 849 3203 inopemque
872 3122 988 3202 paterni

248 3205 286 3267 Et
308 3206 377 3268 13113
399 3217 430 3268 et
451 3208 536 3268 fundi
558 3218 715 3288 paupertas
738 3207 853 3287 impulit
875 3210 979 3281 audax,

248 3291 287 3352 Ut
308 3310 410 3353 versus
432 3293 569 3354 iacerem.
615 3294 673 3354 Sed
697 3294 776 3372 quod
799 3312 860 3353 non
884 3293 959 3354 desit
980 3291 1139 3352 habentem

250 3376 332 3447 Quae
354 3386 497 3454 poterunt
520 3396 659 3456 umquam
683 3379 753 3440 satis
775 3397 941 3458 expurgare
964 3378 1086 3447 cicutae,

249 3461 284 3521 Ni
306 3461 412 3522 melius
435 3463 564 3523 dormire
587 3474 688 3541 putem
712 3481 798 3541 quam
821 3463 953 3524 scribere
975 3458 1099 3524 versus?
1124 3494 1161 3503 -—

250 3546 375 3626 Singula
398 3548 433 3607 de
457 3547 543 3609 nobis
565 3549 637 3608 anni
660 3550 839 3627 praedantur
862 3558 981 3609 euntes:

250 3783 269 3834 11
287 3800 311 3835 o.
327 3786 358 3835 19
375 3783 470 3850 iniqua.
491 3784 526 3835 al.
543 3783 596 3848 122
614 3785 712 3836 ueniret
730 3786 766 3849 (o)
781 3783 785 3851 Ι
801 3786 834 3836 32
853 3783 945 3849 opimis
958 3785 1000 3846 (ει
1012 3783 1059 3845 pa)
1074 3778 1078 3846 Ι
1094 3781 1126 3830 36
1146 3778 1240 3830 mentis

162 3868 194 3970 ΞΟ
203 3856 303 3985 rpeeplppp
320 3844 457 3915 (menteis'
479 3851 621 3917 Cruquius)
639 3853 676 3904 pa
696 3853 700 3917 Ι
721 3854 756 3905 44
782 3853 884 3914 vellem]
908 3851 1005 3917 possim
1023 3867 1038 3901 o
1056 3861 1158 3916 possem
1176 3848 1212 3912 (o)
1236 3843 1242 3917 Ι
