2656 4448
524 212 698 265 GARMlNUM
715 215 725 266 l
743 218 766 267 l.
786 218 808 268 8.

259 389 368 468 Αριιιιιι
387 387 464 448 dicet
478 387 561 465 equis
576 389 670 466 Argos
685 387 818 465 ditesque
833 388 985 468 Mycenas:

302 473 348 533 Me
366 492 420 533 nec
436 482 494 533 tam
509 471 625 551 patiens
640 471 843 533 Lacedaemon
1131 484 1159 535 to

148 566 150 569 ’
259 558 320 618 Nec
335 568 393 618 tam
410 557 527 618 Larisae
543 558 689 636 percussit
704 576 825 637 campus
840 558 964 638 opimae,

303 642 395 714 Quam
412 642 516 703 domus
532 642 682 702 Albuneae
698 642 865 704 resonantis

259 727 298 788 Et
310 725 454 807 praeceps
469 728 543 788 Anio
559 745 593 787 ac
609 727 734 788 Tiburni
751 728 834 789 lucus
849 739 879 788 et
893 728 950 788 uda

301 811 460 873 Mobilibus
476 813 606 891 pomaria
621 812 701 873 rivis·
716 848 758 858 -

258 897 349 959 Albus
366 907 397 958 ut
413 899 540 958 obscuro
556 899 689 976 deterget
705 896 805 957 nubila
820 897 901 957 caelo
1130 908 1159 958 15

301 982 395 1062 Saepe
411 982 505 1043 Notus
521 1001 619 1061 neque
635 983 762 1060 parturit
776 982 878 1042 imbris

258 1067 416 1147 Perpetuo,
432 1067 474 1128 sic
490 1078 520 1128 tu
538 1068 656 1146 sapiens
671 1068 757 1128 linire
773 1075 922 1128 memento

301 1152 459 1213 Tristitiam
476 1153 610 1231 vitaeque
626 1151 743 1213 labores

257 1237 345 1311 Molli,
361 1237 478 1311 Plance,
493 1256 586 1310 mero,
601 1256 654 1298 seu
670 1248 699 1298 te
714 1238 856 1316 fulgentia
871 1235 964 1315 signis

300 1321 399 1382 Castra
414 1331 518 1383 tenent
532 1341 584 1382 seu
600 1322 689 1383 densa
705 1322 820 1383 tenebit
895 1356 898 1363 ·
1130 1333 1159 1384 tt

257 1405 376 1467 Tiburis
392 1407 497 1466 umbra
510 1408 563 1466 tui.
608 1407 723 1467 Teucer
739 1407 884 1468 Salamina
898 1415 1072 1486 patremque

301 1490 373 1551 Cum
390 1491 514 1569 fugeret,
531 1501 628 1550 tamen
645 1490 702 1551 uda
717 1492 813 1571 Lyaeo

260 1575 409 1654 Tempora
424 1576 552 1654 populea
567 1576 662 1635 lertnr
676 1576 803 1636 vinxisse
819 1593 940 1647 corona,

302 1660 351 1720 Sic
367 1659 459 1721 tristis
475 1661 587 1720 adlatus
603 1660 728 1725 amicos:

269 1744 335 1815 Quo
352 1764 407 1806 nos
423 1764 550 1823 cumque
564 1747 639 1806 teret
655 1746 759 1805 melior
774 1746 894 1805 fortuna
908 1753 1041 1824 parente,
1127 1755 1157 1805 15

300 1828 422 1903 Ibimus,
439 1849 456 1889 o
472 1830 544 1891 socii
560 1831 759 1910 comitesquel

261 1914 307 1974 Nil
323 1915 539 1994 desperandum
554 1916 670 1976 Teucro
686 1917 760 1977 duce
776 1924 805 1976 et
819 1914 938 1994 auspice
954 1913 1086 1974 Teucrol

299 1999 403 2060 Certus
418 2000 497 2060 enim
513 2001 649 2079 promisit
663 2001 777 2079 Apollo,

256 2084 429 2162 ambiguam
445 2085 550 2145 tellure
566 2105 640 2146 nova
656 2085 801 2146 Salamina
815 2086 954 2145 futuram.

299 2169 322 2230 0
339 2170 430 2230 fortes
445 2170 604 2250 peioraque
619 2171 697 2249 passi
980 2232 981 2235 ,
1130 2179 1159 2229 30

257 2252 372 2315 Mecum
388 2273 474 2335 saepe
489 2255 552 2328 viri,
569 2274 649 2315 nunc
665 2255 733 2315 vino
743 2248 848 2334 ”pellite
864 2271 959 2326 curas,

300 2338 370 2400 Cras
392 2340 499 2418 ingens
514 2340 685 2400 iterabimus
700 2334 831 2418 aequon'

630 2593 694 2652 Vlll

255 2692 354 2772 Lydia,
370 2694 425 2768 dic,
441 2696 607 2773 peremnis

301 2777 343 2838 Te
358 2778 429 2839 deos
445 2798 506 2853 oro,
522 2780 646 2858 Sybarin
664 2798 717 2840 cur
732 2796 874 2857 properes
889 2775 1014 2836 amando

130 2896 334 2906 ———-—a

107 2996 109 3001 -
214 2958 257 3010 Vll
267 2965 313 3014 υ.9
324 2960 385 3012 dicit
400 2961 404 3028 l
422 2966 451 3014 17
463 2969 599 3029 perpetuos
615 2961 618 3027 Ι
634 2960 773 3013 261bimns.
785 2960 873 3012 Osocii
884 2957 1203 3025 comitesque‚A.Frigatl

128 3030 193 3079 etin
202 3028 242 3080 ed.
255 3044 336 3080 curm.
350 3034 375 3079 et
386 3031 459 3095 epod.
475 3036 500 3079 et
514 3033 543 3080 in
552 3030 685 3080 adnotutt.
700 3031 736 3081 ad
743 3031 805 3080 Hor.
816 3044 896 3079 carm
908 3027 1016 3092 (Upaala
1027 3028 1198 3076 universitate

128 3095 255 3156 insuti-ist
274 3099 349 3161 1888)
363 3114 392 3162 p.
411 3099 426 3148 6
451 3102 454 3162 Ι
478 3100 509 3150 27
531 3098 642 3162 auspice.
659 3097 702 3159 (s.;
721 3095 768 3164 a.:)
786 3095 885 3148 Teucro
908 3099 992 3147 certus
1010 3095 1045 3146 at.
1062 3094 1146 3159 (vetut
1160 3094 1199 3145 lo.

128 3165 269 3226 Schrader,
280 3164 325 3219 Tb.
332 3166 423 3229 Bergk
429 3165 675 3233 opacapbitlbbllll
685 3163 910 3217 TeucrivPhoebo
916 3164 1000 3215 Bentt.
1017 3164 1021 3228 Ι
1037 3162 1196 3226 29Ambigua

128 3231 219 3283 tellure
237 3248 330 3284 novem
343 3233 471 3285 Salamina
489 3234 599 3286 loturam
617 3236 649 3285 Α.
664 3235 803 3285 Lobmann
821 3234 852 3284 de
863 3234 924 3283 Iove
936 3232 1044 3282 Homeri
1056 3236 1083 3281 ot
1094 3231 1195 3294 Sopho·

128 3300 177 3350 clia
194 3299 435 3354 dilabantium
454 3305 517 3355 ties.
536 3305 565 3362 6;
584 3301 613 3354 Η.
628 3301 779 3354 Volkmann
796 3304 936 3352 observatt.
954 3299 1087 3350 miscellae
1100 3313 1197 3364 progr.

129 3369 215 3419 lavor.
235 3385 258 3418 a.
280 3371 344 3422 1872
359 3386 387 3435 p.
407 3373 481 3456 Sap„
501 3387 568 3435 quae
586 3375 740 3422 coniectura
758 3372 951 3436 speciosissima
970 3370 1112 3433 quominus
1128 3369 1196 3417 reci-

125 3439 222 3501 piatur
241 3429 318 3487 ‘vera
345 3437 453 3490 Salamis
490 3439 564 3504 apud
581 3438 722 3490 Manilium
742 3437 762 3487 V
781 3442 827 3502 io,
852 3434 1195 3498 Lucunumll1183,San.

131 3502 228 3554 Troad.
246 3520 270 3554 a.
290 3506 339 3557 844
364 3509 464 3569 obstat,
492 3510 536 3557 eui
562 3508 680 3572 ambigua
709 3506 817 3558 Salamis
841 3507 1000 3570 opponitur‚·
1022 3520 1071 3568 per
1098 3520 1125 3553 ae
1142 3518 1195 3553 arn·

129 3571 205 3634 bigua
225 3572 300 3623 tellus
319 3575 392 3638 apud
409 3576 551 3625 Horatium
573 3591 637 3626 rane
654 3591 708 3625 non
727 3572 874 3642 offenderet
891 3573 949 3623 coti.
968 3588 992 3622 v.
1010 3574 1051 3634 25,
1070 3574 1116 3635 qui
1134 3587 1195 3621 oru-

129 3638 184 3689 culi
202 3645 273 3689 certe
290 3645 406 3691 naturae
421 3643 514 3704 metius
532 3644 672 3705 respondet
690 3659 768 3707 quam
787 3643 880 3706 Eurip.
892 3641 947 3692 Hal.
965 3656 989 3690 v.
1010 3642 1058 3692 148
1069 3655 1124 3703 sqq.
1148 3638 1196 3688 Eis

127 3706 179 3778 γῆν
196 3704 307 3757 ἐναλίαν
326 3705 446 3776 Κύπρον,
465 3705 495 3759 or‘)
513 3705 545 3774 μ’
561 3709 710 3761 ἐθέσπισεν
725 3709 813 3761 Οἰνεῖν
830 3704 977 3769 Ἀπόλλων,
996 3703 1084 3769 ὄνομα
1095 3721 1193 3767 νησιω·

128 3769 207 3827 ccxiv
226 3772 370 3840 Σαλαμῖνα
387 3776 508 3842 θέμενον
525 3778 571 3840 τῆς
589 3779 642 3828 ἐκεῖ
658 3775 739 3844 χάριν
757 3772 874 3844 πάτρας,
899 3778 946 3827 nbi
962 3778 1022 3840 ipsa
1041 3774 1144 3840 Cyprus
1162 3775 1195 3822 ab

128 3843 251 3908 Apolline
268 3843 387 3894 indicata
405 3861 458 3895 aare
476 3845 577 3895 dicitur

103 3972 106 3977 Ι
215 3910 266 3962 Vlll
288 3928 310 3962 v.
332 3913 347 3963 2
366 3912 415 3964 boc
433 3913 494 3964 deos
513 3928 558 3964 oro
576 3915 611 3977 (u)
628 3912 677 3964 hoc
695 3911 757 3965 deos
776 3928 835 3964 uere
853 3911 907 3979 (u)1
923 3923 1044 3976 properas
