2656 4448
592 178 723 232 EPODON
744 183 782 233 17.

238 348 391 411 Laboriosi
414 350 541 427 remiges
564 350 657 412 Ulixei

237 433 360 496 Voleute
383 435 465 496 Circa
487 436 627 509 membra,
650 444 712 496 tum
735 455 819 498 mens
841 448 871 499 et
892 459 984 502 sonus

236 519 380 598 Relapsus
403 530 490 600 atque
514 531 602 581 notus
624 521 654 580 in
678 520 774 583 voltus
796 524 903 584 honor.

238 604 310 665 Dedi
333 606 402 666 satis
424 624 573 685 superque
596 624 759 685 poenarum
783 608 845 681 tibi,

238 693 339 750 Amata
362 692 459 752 nautis
481 691 605 751 multum
630 701 659 751 et
680 691 881 754 institoribus:

241 774 328 854 Fugit
349 776 481 836 iuventas
504 785 534 836 et
554 776 740 837 verecundus
763 777 846 838 color

242 860 370 938 Reliquit
392 880 458 922 ossa
480 861 556 940 pelle
578 861 682 921 amicta
705 861 808 934 lurida,

238 945 310 1006 'luis
333 946 455 1024 capillus
477 945 561 1006 albus
583 955 628 1006 est
651 946 808 1020 odoribus3

238 1030 358 1092 Nullum
381 1050 397 1091 a
417 1031 521 1093 labore
543 1050 591 1091 me
613 1030 739 1091 reclinat
761 1031 864 1106 otium,

240 1115 332 1193 Urget
354 1116 430 1176 diem
454 1135 512 1175 nox
536 1127 565 1175 et
587 1116 649 1176 dies
673 1125 790 1176 noctem
815 1136 912 1196 neque
936 1129 980 1180 est

239 1199 348 1261 Levare
371 1210 452 1261 tenta
475 1201 580 1280 spiritu
603 1202 784 1280 praecordia.

239 1284 317 1362 Ergo
341 1296 479 1364 negatum
503 1287 607 1346 vincor
629 1295 662 1347 ut
684 1287 798 1346 credam
822 1287 921 1360 miser,

241 1369 355 1431 Sabella
377 1380 482 1450 pectus
503 1372 659 1450 increpare
682 1372 813 1431 carmina

241 1456 393 1534 Caputque
416 1456 510 1517 llarsa
533 1456 657 1517 dissilire
681 1456 778 1516 nenia.

240 1541 316 1612 Quid
339 1541 464 1619 amplius
486 1539 550 1602 ris‘l
573 1560 589 1600 o
613 1559 693 1600 mare
716 1549 745 1600 et
767 1552 855 1614 terra,
879 1541 977 1616 ardeo,

239 1624 389 1697 Quantum
413 1645 510 1705 neque
532 1637 595 1686 atro
619 1626 766 1687 delibutus
787 1625 930 1687 Hercules

239 1710 323 1772 Nessi
346 1729 453 1772 eruore
477 1730 532 1771 nec
555 1711 659 1771 Sicana
683 1711 792 1771 lervida

238 1796 344 1857 Virens
366 1797 394 1856 in
419 1799 512 1856 Aetna
537 1796 666 1857 llamma:
691 1806 731 1869 tu,
755 1797 849 1856 donec
873 1797 948 1857 cinis

239 1882 392 1943 luiuriusis
415 1882 513 1942 aridus
536 1882 630 1941 ventis
652 1882 739 1951 ferar,

241 1966 333 2041 Cales,
355 1967 477 2026 venenis
500 1966 616 2025 officina
640 1963 808 2026 Colchicis?

239 2052 321 2123 Quae
343 2052 411 2111 finis
434 2060 483 2110 aut
505 2051 584 2128 quod
607 2069 653 2110 me
678 2060 777 2110 manet
799 2049 1003 2129 stipendium?

239 2136 353 2195 Effare!
377 2137 470 2196 iussas
494 2154 558 2195 cum
583 2135 639 2194 fide
662 2153 774 2214 poenas
796 2135 884 2209 luam,

238 2222 360 2281 Paratus
383 2221 509 2299 expiare,
532 2238 583 2281 scu
607 2221 780 2299 poposceris

240 2305 364 2366 Centum
388 2305 527 2378 iuvencis,
550 2305 610 2366 sive
632 2305 765 2365 mendaci
789 2305 850 2384 lyra

238 2391 325 2451 Voles
347 2392 445 2452 sonari
463 2384 508 2451 ‘tu
531 2391 646 2468 pudica,
669 2399 700 2450 tn
723 2385 843 2470 proba',

239 2475 459 2537 Perambulabis
482 2485 558 2537 astra
580 2476 660 2536 sidus
683 2493 815 2536 aureum.

240 2562 361 2622 lnlamis
384 2561 512 2622 Helenae
535 2561 636 2622 Castor
659 2562 790 2620 offensus
811 2560 873 2619 vice

240 2646 401 2724 Fraterque
423 2647 521 2725 magni
547 2646 684 2718 Castoris,
707 2645 773 2705 victi
797 2663 894 2722 prece,

240 2732 382 2810 Adempta
406 2733 461 2793 vati
485 2731 638 2792 reddidere
661 2731 786 2790 lumina:

239 2816 276 2876 Et
299 2827 330 2877 tu
353 2851 366 2862 -
389 2826 475 2896 potes
498 2836 564 2877 nam
588 2850 601 2860 ·
624 2817 703 2876 solve
726 2834 772 2874 me
795 2813 951 2886 dementia,

242 2901 265 2962 Ο
290 2921 346 2962 nec
368 2903 499 2980 paternis
522 2901 653 2962 obsoleta
676 2899 813 2960 sordibus

240 2986 301 3047 Nec
324 2989 353 3048 in
378 2988 521 3066 sepulcris
544 3004 708 3066 pauperum
732 2985 863 3064 prudens
886 3003 960 3044 anus

239 3071 425 3132 Novendialis
448 3072 589 3151 dissipare
611 3070 762 3150 pulveres!

241 3156 305 3216 'libi
329 3157 473 3235 hospitale
495 3166 598 3236 pectus
622 3165 651 3215 et
672 3174 763 3234 purae
786 3173 891 3214 manus

242 3240 382 3317 'suusque
404 3250 506 3300 venter
529 3241 723 3313 Pactumeius,
747 3249 775 3299 et
796 3250 847 3299 tuo

243 3325 354 3385 Cruore
377 3327 483 3386 rubros
507 3325 647 3386 obstetrix
670 3344 786 3404 pannos
808 3324 884 3394 lavit,

241 3411 408 3488 Utcumque
431 3412 515 3471 fortis
538 3411 634 3470 exsilis
656 3403 821 3488 puerpera?
846 3444 886 3452 —

241 3647 307 3698 XVll
326 3665 349 3699 υ.
371 3651 399 3700 ll
420 3648 499 3713 tunel
518 3649 548 3699 18
567 3647 662 3697 relatus
682 3646 685 3712 Ι
702 3648 734 3697 22
753 3661 795 3696 ora
815 3644 901 3695 Bentl.
917 3642 922 3709 Ι
939 3645 971 3696 30
989 3643 1023 3706 et]
1043 3658 1058 3692 o
1077 3642 1207 3693 rs-Aoo
1228 3639 1234 3709 Ι

164 3720 196 3769 33
214 3732 290 3768 urens
308 3719 343 3781 (ol
362 3716 447 3768 lurens
465 3717 499 3780 (o)
518 3716 560 3776 (=
570 3715 665 3777 Booti.)
681 3714 684 3779 Ι
702 3717 795 3778 3lsqq.
814 3713 943 3762 distinxit
961 3712 989 3763 V
993 3710 1049 3761 iod.
1070 3710 1128 3760 leot.
1143 3708 1236 3763 Bor-ol.

158 3802 182 3836 α.
204 3787 269 3838 1886
287 3790 351 3837 aest.
366 3801 395 3849 p.
415 3787 474 3848 loq.
491 3786 495 3846 Ι
512 3786 544 3835 39
562 3783 685 3844 iuvencis]
698 3786 733 3844 (o)
746 3781 843 3831 Bentl:
862 3781 985 3830 iuuencos
1001 3778 1005 3846 Ι
1022 3781 1054 3830 40
1070 3777 1168 3840 sonari]
1182 3779 1235 3843 (vlt

156 3868 246 3905 sonare
262 3855 266 3920 Ι
281 3844 439 3917 ‘tu—proba'
461 3851 555 3903 Catuli.
574 3852 615 3912 42,
634 3853 667 3902 24
682 3851 686 3916 Ι
702 3852 734 3901 42
753 3851 834 3901 uicem
853 3850 888 3912 (o)
906 3847 1014 3912 (Beotl.)
