2656 4448
570 215 759 268 snrfflntvutu
777 216 786 266 l
804 219 829 267 4.

253 389 352 468 Usque
373 388 543 460 laborantis,
566 389 635 448 dum
659 390 769 447 lerrum
792 388 903 448 molliat
925 387 1009 464 ignis,

254 473 292 534 Ut
313 474 411 547 mavis,
435 473 558 533 imitare.
603 473 709 533 Beatus
731 473 863 534 Fannius
885 472 962 534 ultro

254 559 361 620 Delatis
384 559 478 636 capsis
501 567 530 618 et
552 559 688 635 imagine,
712 576 778 617 cum
802 576 865 618 mea
888 576 976 618 nemo

253 644 368 723 Scripta
391 644 476 722 legat,
499 643 583 720 volgo
606 643 729 703 recitare
752 643 882 704 timentis
905 642 942 702 ob
966 643 1042 703 hanc
1065 661 1139 714 rem,

252 728 336 798 Quod
360 738 430 788 sunt
451 746 526 806 quos
548 747 642 806 genus
664 729 720 787 hoc
743 728 865 788 minime
888 729 981 802 iuvat,
1012 736 1116 808 utpote
1145 730 1237 810 pluris

254 813 370 891 Culpari
392 813 507 890 dignos.
552 812 691 882 Quemvis
713 812 807 872 media
830 813 904 890 elige
926 811 1023 886 turba,

253 900 312 958 Aut
333 897 371 959 ob
394 898 541 957 avaritiam
564 906 614 958 aut
636 897 742 957 misera
765 896 926 957 ambitione
948 897 1062 958 laborat
1069 915 1077 970 ;

253 983 307 1043 Hic
332 992 488 1061 nuptarum
512 983 621 1044 insanit
643 981 802 1055 amoribus,
825 983 874 1042 hic
895 1001 1074 1061 puerorum;

253 1068 341 1129 Hunc
363 1068 441 1146 capit
462 1069 576 1145 argenti
598 1067 748 1146 splendor,
771 1076 870 1146 stupet
891 1066 993 1128 Albius
1014 1085 1099 1141 aere3

254 1153 307 1213 llic
330 1163 424 1212 mutat
446 1152 552 1212 mercis
574 1162 714 1231 surgente
737 1171 753 1212 a
776 1152 837 1213 sole
861 1153 895 1212 ad
919 1171 996 1227 eum,
1019 1170 1079 1231 quo

253 1237 426 1317 Vespertina
448 1246 529 1316 tepet
551 1238 642 1315 regio,
666 1238 736 1315 quin
760 1256 814 1316 per
836 1237 911 1296 mala
933 1254 1075 1317 praeceps
1131 1300 1135 1307 ,

254 1322 370 1395 Fertur,
393 1322 435 1383 uti
458 1322 553 1400 pulvis
576 1322 717 1383 collectus
739 1322 869 1393 turbine,
893 1322 1004 1400 nequid

254 1408 373 1469 Summa
396 1406 536 1486 deperdat
557 1417 692 1468 metuens
714 1418 764 1468 aut
786 1408 907 1486 ampliet
928 1418 961 1467 ut
983 1425 1062 1467 rem:

256 1492 368 1553 Omnes
388 1493 418 1552 bi
442 1502 578 1553 metuunt
599 1511 710 1564 versus,
734 1492 823 1552 odere
846 1503 958 1571 poetas.

252 1571 396 1638 ‘Faenum
418 1577 506 1637 habet
529 1579 558 1638 in
583 1597 688 1650 cornu,
711 1578 800 1656 longe
823 1579 909 1657 luge:
933 1576 1093 1638 dummodo
1116 1578 1208 1640 risum

183 1671 192 1682 '
255 1662 391 1723 Excutiat
412 1663 474 1736 tibi,
498 1682 559 1723 non
582 1664 630 1722 hic
653 1663 789 1739 cuiquam
814 1672 916 1741 parcet
938 1664 1031 1723 amico

253 1747 291 1808 Et
314 1748 522 1826 quodcumque
545 1749 636 1808 semel
659 1748 768 1808 chartis
791 1747 934 1815 inleverit‚
960 1748 1057 1808 omnis

255 1832 363 1894 Gestiet
386 1852 402 1892 a
424 1836 513 1892 furno
535 1833 688 1892 redeuntis
710 1834 787 1892 scire
808 1832 933 1910 lacuque

253 1917 290 1977 Et
311 1937 421 1997 pueros
443 1926 471 1976 et
494 1909 585 1977 anus?
634 1916 776 1995 Agedum,
800 1936 891 1995 pauca
914 1918 1015 1997 accipe
1037 1927 1158 1979 contra:

254 2002 384 2062 Primum
409 2021 463 2080 ego
487 2021 533 2061 me
556 2001 683 2074 illorum,
707 2002 838 2062 dederim
861 2001 969 2080 quibus
991 2021 1055 2063 esse
1078 2013 1191 2082 poetas,

253 2086 417 2164 Excerpam
441 2105 582 2158 numero;
606 2106 703 2164 neque
727 2088 804 2148 enim
829 2087 1007 2147 concludere
1030 2105 1149 2150 versum

254 2171 367 2231 Dixeris
390 2190 453 2231 esse
476 2171 545 2231 satis
570 2190 676 2249 neque,
700 2173 776 2249 siqui
799 2171 907 2233 scribat
930 2173 973 2231 uti
996 2191 1051 2233 nos

256 2256 392 2317 Sermoni
414 2257 564 2335 propiora,
587 2266 673 2334 putes
695 2257 775 2318 hunc
799 2276 863 2318 esse
885 2266 1020 2335 poetam;

255 2341 410 2418 Ingenium
434 2340 482 2401 cui
506 2342 552 2414 sit,
576 2343 622 2402 cui
646 2360 730 2402 mens
752 2343 879 2402 divinior
901 2351 989 2420 atque
1012 2361 1045 2402 os

254 2427 358 2504 Magna
381 2436 565 2498 sonaturum,
588 2428 639 2487 des
662 2428 790 2488 nominis
813 2427 900 2487 huius
922 2427 1080 2487 honorem.
1104 2462 1146 2472 —

255 2511 367 2573 ldcirco
391 2514 518 2590 quidam,
542 2513 692 2573 comoedia
717 2531 813 2574 necne
835 2531 941 2590 poema

252 2596 346 2669 Esset,
371 2599 548 2674 quaesivere,
571 2600 650 2675 quod
674 2617 741 2658 acer
764 2597 885 2675 spiritus
908 2616 941 2657 ac
963 2597 1005 2657 vis

253 2681 314 2741 Nec
336 2683 432 2743 verbis
455 2701 510 2742 nec
533 2682 622 2742 rebus
645 2683 731 2754 inest,
755 2682 812 2742 nisi
836 2683 914 2759 quod
938 2683 1014 2760 pede
1038 2691 1120 2742 certo

254 2766 358 2826 Dillert
379 2768 519 2840 sermoni,
543 2785 640 2827 sermo
664 2786 772 2828 merus.
817 2759 867 2826 ‘At
890 2776 973 2845 pater
996 2768 1104 2827 ardens

254 2851 358 2926 Saevit,
381 2853 459 2930 quod
481 2852 637 2912 meretrice
661 2872 755 2932 nepos
778 2852 901 2912 insanus
923 2853 1017 2912 amica

253 2935 345 2998 Filius
366 2955 489 2998 uxorem
511 2938 615 3016 grandi
638 2956 705 2997 cum
729 2939 796 2997 dote
818 2948 950 3008 recuset,

253 3021 362 3084 Ebrius
384 3033 413 3083 et
435 3042 575 3101 magnum
599 3024 678 3124 quod
700 3022 828 3083 dedecus
852 3021 983 3083 ambulet
1005 3033 1072 3083 ante
1135 3066 1139 3073 .

253 3106 376 3167 Noctem
400 3127 467 3168 cum
490 3108 611 3168 lacibus.
667 3107 817 3185 Numquid
839 3108 1022 3187 Pomponius
1044 3105 1107 3166 istis

255 3192 376 3250 Audiret
397 3192 514 3265 leviora,
537 3204 621 3271 pater
643 3194 667 3253 si
691 3191 825 3253 viveret?
848 3210 920 3270 ergo

256 3274 321 3334 Non
344 3277 413 3336 satis
435 3286 479 3336 est
500 3278 583 3354 puris
604 3296 721 3337 versum
746 3277 931 3356 perscribere
952 3275 1059 3347 verbis,

168 3367 196 3415 55
257 3357 351 3429 Quem
374 3361 398 3421 si
420 3362 569 3434 dissolvas,
592 3363 686 3439 quivis
708 3363 908 3424 stomachetur
930 3363 1033 3421 eodem

253 3559 288 3611 lv
305 3578 329 3612 v.
348 3566 381 3616 25
399 3577 459 3614 erue
478 3568 504 3612 et
520 3564 590 3628 eripe
614 3563 619 3625 Ι
644 3565 675 3615 26
700 3563 909 3626 alienantium)
936 3560 942 3629 Ι
966 3562 1043 3612 miser
1066 3563 1071 3626 Ι
1096 3565 1128 3614 30
1146 3558 1243 3626 patetl

169 3631 201 3680 33
221 3635 321 3695 poetam
339 3632 425 3683 13va
441 3633 445 3695 Ι
461 3633 493 3684 35
512 3631 745 3696 tibi11lutgersius
763 3631 829 3682 l'en.
848 3631 917 3680 Lect.
936 3647 958 3679 o.
980 3628 1045 3679 XVll
1067 3646 1096 3695 p.
1114 3631 1178 3682 338:
1197 3628 1246 3681 sibi

165 3712 219 3753 ¹nou
247 3712 297 3749 non
325 3706 328 3757 Ι
356 3703 387 3751 37
405 3699 523 3766 lacuque,
541 3703 592 3764 at,
615 3705 645 3749 ot
667 3716 689 3749 o.
708 3699 743 3751 M.
763 3699 923 3749 Heitzmann
941 3699 973 3748 de
991 3699 1152 3748 substantioe·
1169 3699 1245 3762 eique

169 3766 294 3815 attributi
319 3784 361 3833 ap.
377 3772 469 3833 poetas
491 3772 540 3818 rat
560 3769 650 3819 eolloe.
669 3769 731 3818 diss.
750 3768 836 3819 Bono.
854 3784 878 3818 α.
900 3769 963 3819 1887
981 3783 1007 3830 p.
1027 3768 1094 3829 31,1
1113 3767 1166 3831 139
1183 3780 1248 3831 poe-

168 3832 203 3882 tis
227 3836 261 3895 (o)
289 3835 294 3900 Ι
321 3839 352 3889 51
378 3850 505 3900 ,magnum
532 3836 601 3902 quod
627 3836 752 3895 dedecus,
780 3837 824 3900 ol,
850 3840 879 3885 nt
904 3852 928 3886 o,
947 3834 1140 3900 ll'ipperdcr'um
1158 3836 1246 3898 (1857)

169 3914 258 3964 opusc.
273 3918 300 3967 p.
320 3904 437 3970 482152
456 3904 559 3969 numqui
577 3901 613 3970 (o)
