2656 4448
502 234 675 286 GARMlNUM
692 236 723 288 lll
742 239 765 289 3.
783 242 807 292 4.

244 403 398 465 Horrenda
413 405 471 465 late
486 425 593 465 nomen
611 407 639 465 in
658 407 772 467 ultimas

244 489 390 550 Extendat
404 508 479 563 orac,
495 509 551 568 qua
567 490 681 550 medius
696 491 794 568 liquor

291 575 425 635 secernit
440 575 579 654 Europen
596 575 632 634 ab
648 576 728 647 Afro,

341 660 404 730 Qua
421 661 549 720 tumidus
565 660 638 737 rigat
655 679 722 719 arva
738 661 829 734 Nilus,

244 778 356 837 durum
372 779 555 856 inrepertum
571 790 599 838 et
615 779 657 838 sic
673 780 776 839 melius
791 780 888 853 situm,

246 862 318 922 Cum
336 873 412 922 terra
429 863 512 933 celat,
528 880 671 941 spernere
687 864 793 923 sortior

292 948 387 1018 Quam
403 965 508 1024 cogere
524 949 671 1008 humanos
686 950 717 1007 in
734 967 805 1010 usus

344 1033 440 1092 Omne
456 1051 573 1092 sacrum
590 1033 723 1111 rapiente
739 1034 849 1094 dextra.

247 1150 433 1227 Quicumque
448 1150 559 1209 mundo
575 1152 720 1212 terminus
735 1152 857 1225 obstitit,

247 1234 334 1295 Hunc
349 1244 452 1312 tanget
467 1237 564 1306 armis
580 1235 674 1296 visere
689 1237 829 1312 gestiens,

293 1320 356 1390 Qua
372 1330 454 1397 parte
469 1318 689 1380 debacchentur
704 1321 797 1399 ignes,

345 1403 409 1473 Qua
427 1403 551 1464 nebulae
567 1403 716 1482 pluviique
733 1424 825 1466 rores.

248 1519 306 1581 Sed
321 1522 467 1582 bellicosis
483 1523 539 1580 lata
556 1521 720 1591 Quiritibus

250 1605 309 1666 Hac
325 1607 389 1684 lege
404 1605 481 1678 dico,
498 1625 536 1666 ne
552 1606 676 1665 nimium
692 1607 731 1684 pii

294 1691 456 1768 Rebusque
473 1692 599 1750 fidentes
614 1690 704 1749 avitae

352 1775 438 1834 Tecta
456 1776 546 1834 velint
560 1792 699 1853 reparare
715 1775 834 1836 Troiae:

248 1891 354 1953 Troiae
369 1912 527 1954 renascens
543 1894 610 1953 alite
625 1893 743 1971 lugubri

248 1976 382 2038 Fortuna
398 1978 473 2038 tristi
489 1978 570 2038 clade
586 1979 749 2049 iterabitur,

296 2063 429 2123 [lucente
445 2064 580 2123 victrices
595 2075 723 2123 catervas

348 2148 479 2225 Coniuge
495 2167 542 2208 me
557 2148 632 2207 lovis
648 2160 677 2207 et
691 2166 803 2208 sorore.

251 2265 309 2325 Ter
324 2268 347 2326 si
363 2276 499 2345 resurgat
512 2285 615 2326 murus
630 2285 740 2326 aeneus

253 2354 381 2411 Auctore
399 2351 528 2423 Phoebo,
543 2360 589 2410 ter
604 2363 705 2429 pereat
721 2351 792 2411 meis

298 2435 420 2496 Excisus
436 2437 558 2514 Argivis,
574 2445 620 2495 ter
636 2455 710 2495 uxor

352 2520 441 2598 Capta
455 2522 550 2581 virum
566 2539 734 2599 puerosque
751 2509 875 2598 ploretl’
894 2554 933 2562 -—

252 2638 318 2698 Non
335 2640 391 2699 hoc
406 2639 523 2700 iocosae
538 2639 695 2699 conveniet
709 2638 803 2717 lyrae3

253 2723 328 2796 Quo,
345 2724 436 2796 Musa,
451 2721 569 2784 tendis?
584 2723 686 2782 desine
703 2724 837 2800 pervicax

301 2808 423 2868 Relerre
438 2826 592 2868 sermones
608 2807 730 2866 deorum
747 2817 776 2866 et

352 2892 455 2970 Magna
472 2893 566 2951 modis
582 2902 705 2950 tenuare
720 2891 825 2968 parvis.

648 3278 684 3338 lV

256 3399 408 3460 Descende
424 3399 503 3459 caelo
520 3408 548 3458 et
563 3399 610 3457 dic
624 3416 676 3476 age
691 3396 761 3456 tibia

180 3497 185 3503 ·
255 3484 367 3561 Regina
383 3485 504 3561 longum
521 3483 650 3559 Calliope
666 3483 758 3541 melos

302 3569 360 3628 Seu
378 3587 447 3628 voce
464 3585 545 3628 nunc
561 3567 651 3626 mavis
666 3576 750 3625 acuta

353 3654 410 3714 Seu
427 3652 534 3712 fidibus
549 3652 720 3727 citharaque
734 3649 859 3709 Phoebil

214 3904 247 3956 lV
265 3924 288 3957 o.
308 3910 324 3958 4
342 3906 500 3972 citharaque]
518 3906 553 3968 (o)
571 3903 670 3954 Bentl.:
690 3902 818 3953 eitharaue
