<?xml version="1.0" encoding="UTF-8"?>
<!DOCTYPE html PUBLIC "-//W3C//DTD XHTML 1.0 Transitional//EN"
    "http://www.w3.org/TR/xhtml1/DTD/xhtml1-transitional.dtd">
<html xmlns="http://www.w3.org/1999/xhtml" xml:lang="en" lang="en">
 <head>
  <title>
</title>
<meta http-equiv="Content-Type" content="text/html;charset=utf-8" />
  <meta name='ocr-system' content='tesseract 3.04.00' />
  <meta name='ocr-capabilities' content='ocr_page ocr_carea ocr_par ocr_line ocrx_word'/>
</head>
<body>
  <div class='ocr_page' id='page_1' title='image "./qhoratiiflaccic02hertgoog_0247.png"; bbox 0 0 2656 4448; ppageno 0'>
   <div class='ocr_carea' id='block_1_1' title="bbox 540 214 854 277">
    <p class='ocr_par' dir='ltr' id='par_1_1' title="bbox 540 214 854 277">
     <span class='ocr_line' id='line_1_1' title="bbox 540 214 854 277; baseline -0.006 -8"><span class='ocrx_word' id='word_1_1' title='bbox 540 216 581 269; x_wconf 84' lang='lat' dir='ltr'><strong>DE</strong></span> <span class='ocrx_word' id='word_1_2' title='bbox 600 216 689 268; x_wconf 77' lang='lat' dir='ltr'><strong>ARTE</strong></span> <span class='ocrx_word' id='word_1_3' title='bbox 707 214 854 277; x_wconf 72' lang='lat' dir='ltr'><strong>pourton.</strong></span> 
     </span>
    </p>
   </div>
   <div class='ocr_carea' id='block_1_2' title="bbox 153 389 1191 3103">
    <p class='ocr_par' dir='ltr' id='par_1_2' title="bbox 242 389 1191 1997">
     <span class='ocr_line' id='line_1_2' title="bbox 244 389 1164 470; baseline 0 -20"><span class='ocrx_word' id='word_1_4' title='bbox 244 390 352 451; x_wconf 89' lang='lat' dir='ltr'><strong>Verum</strong></span> <span class='ocrx_word' id='word_1_5' title='bbox 375 390 428 451; x_wconf 93' lang='lat' dir='ltr'><strong>uhi</strong></span> <span class='ocrx_word' id='word_1_6' title='bbox 450 390 535 470; x_wconf 92' lang='lat' dir='ltr'><strong>plura</strong></span> <span class='ocrx_word' id='word_1_7' title='bbox 560 392 656 451; x_wconf 90' lang='lat' dir='ltr'><strong>nitent</strong></span> <span class='ocrx_word' id='word_1_8' title='bbox 678 390 708 450; x_wconf 93' lang='lat' dir='ltr'><strong>in</strong></span> <span class='ocrx_word' id='word_1_9' title='bbox 733 389 872 461; x_wconf 81' lang='lat' dir='ltr'><strong>carmine,</strong></span> <span class='ocrx_word' id='word_1_10' title='bbox 897 408 957 451; x_wconf 92' lang='lat' dir='ltr'><strong>non</strong></span> <span class='ocrx_word' id='word_1_11' title='bbox 981 407 1036 467; x_wconf 78' lang='lat' dir='ltr'><strong>ego</strong></span> <span class='ocrx_word' id='word_1_12' title='bbox 1059 389 1164 469; x_wconf 83' lang='lat' dir='ltr'><strong>paucis</strong></span> 
     </span>
     <span class='ocr_line' id='line_1_3' title="bbox 245 475 943 555; baseline -0.004 -18"><span class='ocrx_word' id='word_1_13' title='bbox 245 476 387 537; x_wconf 87' lang='lat' dir='ltr'><strong>Offendar</strong></span> <span class='ocrx_word' id='word_1_14' title='bbox 409 476 541 550; x_wconf 87' lang='lat' dir='ltr'><strong>maculis,</strong></span> <span class='ocrx_word' id='word_1_15' title='bbox 564 495 637 555; x_wconf 91' lang='lat' dir='ltr'><strong>quas</strong></span> <span class='ocrx_word' id='word_1_16' title='bbox 660 483 710 535; x_wconf 92' lang='lat' dir='ltr'><strong>aut</strong></span> <span class='ocrx_word' id='word_1_17' title='bbox 732 475 845 534; x_wconf 91' lang='lat' dir='ltr'><strong>incuria</strong></span> <span class='ocrx_word' id='word_1_18' title='bbox 868 475 943 536; x_wconf 83' lang='lat' dir='ltr'><strong>ludit</strong></span> 
     </span>
     <span class='ocr_line' id='line_1_4' title="bbox 244 557 1127 642; baseline -0.002 -21"><span class='ocrx_word' id='word_1_19' title='bbox 244 563 302 622; x_wconf 79' lang='lat' dir='ltr'><strong>hut</strong></span> <span class='ocrx_word' id='word_1_20' title='bbox 324 562 452 623; x_wconf 91' lang='lat' dir='ltr'><strong>humana</strong></span> <span class='ocrx_word' id='word_1_21' title='bbox 477 580 580 642; x_wconf 92' lang='lat' dir='ltr'><strong>parum</strong></span> <span class='ocrx_word' id='word_1_22' title='bbox 605 561 680 621; x_wconf 84' lang='lat' dir='ltr'><strong>cavit</strong></span> <span class='ocrx_word' id='word_1_23' title='bbox 703 569 814 622; x_wconf 81' lang='lat' dir='ltr'><strong>nature.</strong></span> <span class='ocrx_word' id='word_1_24' title='bbox 862 559 938 629; x_wconf 83' lang='lat' dir='ltr'><strong>Ouid</strong></span> <span class='ocrx_word' id='word_1_25' title='bbox 962 577 1034 638; x_wconf 78' lang='lat' dir='ltr'><strong>ergo</strong></span> <span class='ocrx_word' id='word_1_26' title='bbox 1058 557 1127 620; x_wconf 77' lang='lat' dir='ltr'><strong>est?</strong></span> 
     </span>
     <span class='ocr_line' id='line_1_5' title="bbox 244 643 990 726; baseline -0.004 -18"><span class='ocrx_word' id='word_1_27' title='bbox 244 646 283 708; x_wconf 92' lang='lat' dir='ltr'><strong>Ut</strong></span> <span class='ocrx_word' id='word_1_28' title='bbox 304 647 433 725; x_wconf 81' lang='lat' dir='ltr'><strong>scriptor</strong></span> <span class='ocrx_word' id='word_1_29' title='bbox 455 648 480 708; x_wconf 91' lang='lat' dir='ltr'><strong>si</strong></span> <span class='ocrx_word' id='word_1_30' title='bbox 503 656 607 726; x_wconf 90' lang='lat' dir='ltr'><strong>peccat</strong></span> <span class='ocrx_word' id='word_1_31' title='bbox 628 645 704 705; x_wconf 90' lang='lat' dir='ltr'><strong>idem</strong></span> <span class='ocrx_word' id='word_1_32' title='bbox 727 643 864 705; x_wconf 90' lang='lat' dir='ltr'><strong>librarius</strong></span> <span class='ocrx_word' id='word_1_33' title='bbox 887 664 990 723; x_wconf 89' lang='lat' dir='ltr'><strong>usque,</strong></span> 
     </span>
     <span class='ocr_line' id='line_1_6' title="bbox 243 728 1138 806; baseline -0.003 -14"><span class='ocrx_word' id='word_1_34' title='bbox 243 732 381 802; x_wconf 82' lang='lat' dir='ltr'><strong>Quamvis</strong></span> <span class='ocrx_word' id='word_1_35' title='bbox 404 741 448 793; x_wconf 89' lang='lat' dir='ltr'><strong>est</strong></span> <span class='ocrx_word' id='word_1_36' title='bbox 470 732 610 806; x_wconf 85' lang='lat' dir='ltr'><strong>monitus,</strong></span> <span class='ocrx_word' id='word_1_37' title='bbox 633 731 716 790; x_wconf 81' lang='lat' dir='ltr'><strong>venie</strong></span> <span class='ocrx_word' id='word_1_38' title='bbox 740 739 828 800; x_wconf 92' lang='lat' dir='ltr'><strong>caret,</strong></span> <span class='ocrx_word' id='word_1_39' title='bbox 851 738 885 789; x_wconf 92' lang='lat' dir='ltr'><strong>ut</strong></span> <span class='ocrx_word' id='word_1_40' title='bbox 907 728 1094 790; x_wconf 89' lang='lat' dir='ltr'><strong>citharoedus</strong></span> <span class='ocrx_word' id='word_1_41' title='bbox 1134 770 1138 775; x_wconf 88' lang='lat'><em>-</em></span> 
     </span>
     <span class='ocr_line' id='line_1_7' title="bbox 242 814 996 896; baseline -0.003 -20"><span class='ocrx_word' id='word_1_42' title='bbox 242 816 375 885; x_wconf 64' lang='lat' dir='ltr'><strong>ludetur,</strong></span> <span class='ocrx_word' id='word_1_43' title='bbox 400 817 509 878; x_wconf 90' lang='lat' dir='ltr'><strong>chorda</strong></span> <span class='ocrx_word' id='word_1_44' title='bbox 533 816 584 895; x_wconf 93' lang='lat' dir='ltr'><strong>qui</strong></span> <span class='ocrx_word' id='word_1_45' title='bbox 606 834 723 895; x_wconf 83' lang='lat' dir='ltr'><strong>semper</strong></span> <span class='ocrx_word' id='word_1_46' title='bbox 746 814 864 875; x_wconf 91' lang='lat' dir='ltr'><strong>oberrat</strong></span> <span class='ocrx_word' id='word_1_47' title='bbox 886 815 996 896; x_wconf 83' lang='lat' dir='ltr'><strong>eadem,</strong></span> 
     </span>
     <span class='ocr_line' id='line_1_8' title="bbox 243 900 1055 980; baseline -0.004 -18"><span class='ocrx_word' id='word_1_48' title='bbox 243 901 292 962; x_wconf 89' lang='lat' dir='ltr'><strong>Sic</strong></span> <span class='ocrx_word' id='word_1_49' title='bbox 316 901 397 974; x_wconf 89' lang='lat' dir='ltr'><strong>mihi,</strong></span> <span class='ocrx_word' id='word_1_50' title='bbox 421 903 470 980; x_wconf 94' lang='lat' dir='ltr'><strong>qui</strong></span> <span class='ocrx_word' id='word_1_51' title='bbox 494 901 617 962; x_wconf 91' lang='lat' dir='ltr'><strong>multum</strong></span> <span class='ocrx_word' id='word_1_52' title='bbox 642 909 745 974; x_wconf 88' lang='lat' dir='ltr'><strong>cessat,</strong></span> <span class='ocrx_word' id='word_1_53' title='bbox 768 901 801 960; x_wconf 85' lang='lat' dir='ltr'><strong>lit</strong></span> <span class='ocrx_word' id='word_1_54' title='bbox 824 900 976 961; x_wconf 87' lang='lat' dir='ltr'><strong>Choerilus</strong></span> <span class='ocrx_word' id='word_1_55' title='bbox 997 900 1055 970; x_wconf 92' lang='lat' dir='ltr'><strong>ille,</strong></span> 
     </span>
     <span class='ocr_line' id='line_1_9' title="bbox 243 985 1099 1061; baseline -0.004 -15"><span class='ocrx_word' id='word_1_56' title='bbox 243 986 338 1056; x_wconf 86' lang='lat' dir='ltr'><strong>Quem</strong></span> <span class='ocrx_word' id='word_1_57' title='bbox 362 986 407 1048; x_wconf 90' lang='lat' dir='ltr'><strong>his</strong></span> <span class='ocrx_word' id='word_1_58' title='bbox 429 997 510 1048; x_wconf 89' lang='lat' dir='ltr'><strong>terve</strong></span> <span class='ocrx_word' id='word_1_59' title='bbox 532 986 645 1046; x_wconf 91' lang='lat' dir='ltr'><strong>bonum</strong></span> <span class='ocrx_word' id='word_1_60' title='bbox 668 1004 734 1046; x_wconf 95' lang='lat' dir='ltr'><strong>cum</strong></span> <span class='ocrx_word' id='word_1_61' title='bbox 758 986 819 1047; x_wconf 91' lang='lat' dir='ltr'><strong>risu</strong></span> <span class='ocrx_word' id='word_1_62' title='bbox 842 986 950 1061; x_wconf 92' lang='lat' dir='ltr'><strong>miror;</strong></span> <span class='ocrx_word' id='word_1_63' title='bbox 972 996 1002 1046; x_wconf 91' lang='lat' dir='ltr'><strong>et</strong></span> <span class='ocrx_word' id='word_1_64' title='bbox 1024 985 1099 1045; x_wconf 92' lang='lat' dir='ltr'><strong>idem</strong></span> 
     </span>
     <span class='ocr_line' id='line_1_10' title="bbox 243 1070 1054 1150; baseline -0.002 -19"><span class='ocrx_word' id='word_1_65' title='bbox 243 1071 389 1150; x_wconf 84' lang='lat' dir='ltr'><strong>Indignor</strong></span> <span class='ocrx_word' id='word_1_66' title='bbox 411 1072 589 1150; x_wconf 86' lang='lat' dir='ltr'><strong>quandoque</strong></span> <span class='ocrx_word' id='word_1_67' title='bbox 613 1071 711 1132; x_wconf 93' lang='lat' dir='ltr'><strong>honus</strong></span> <span class='ocrx_word' id='word_1_68' title='bbox 733 1071 871 1131; x_wconf 90' lang='lat' dir='ltr'><strong>dormitat</strong></span> <span class='ocrx_word' id='word_1_69' title='bbox 893 1070 1054 1131; x_wconf 92' lang='lat' dir='ltr'><strong>Homerusl</strong></span> 
     </span>
     <span class='ocr_line' id='line_1_11' title="bbox 243 1155 1043 1236; baseline 0 -22"><span class='ocrx_word' id='word_1_70' title='bbox 243 1156 353 1216; x_wconf 90' lang='lat' dir='ltr'><strong>Verum</strong></span> <span class='ocrx_word' id='word_1_71' title='bbox 376 1158 460 1234; x_wconf 92' lang='lat' dir='ltr'><strong>operi</strong></span> <span class='ocrx_word' id='word_1_72' title='bbox 483 1156 572 1236; x_wconf 87' lang='lat' dir='ltr'><strong>longo</strong></span> <span class='ocrx_word' id='word_1_73' title='bbox 596 1157 638 1217; x_wconf 87' lang='lat' dir='ltr'><strong>sas</strong></span> <span class='ocrx_word' id='word_1_74' title='bbox 661 1165 706 1217; x_wconf 91' lang='lat' dir='ltr'><strong>est</strong></span> <span class='ocrx_word' id='word_1_75' title='bbox 728 1155 873 1235; x_wconf 83' lang='lat' dir='ltr'><strong>obrepere</strong></span> <span class='ocrx_word' id='word_1_76' title='bbox 895 1173 1043 1216; x_wconf 90' lang='lat' dir='ltr'><strong>somnum.</strong></span> 
     </span>
     <span class='ocr_line' id='line_1_12' title="bbox 243 1240 1050 1321; baseline -0.001 -19"><span class='ocrx_word' id='word_1_77' title='bbox 243 1240 282 1302; x_wconf 91' lang='lat' dir='ltr'><strong>Ut</strong></span> <span class='ocrx_word' id='word_1_78' title='bbox 303 1240 418 1319; x_wconf 78' lang='lat' dir='ltr'><strong>pictura</strong></span> <span class='ocrx_word' id='word_1_79' title='bbox 442 1243 550 1321; x_wconf 89' lang='lat' dir='ltr'><strong>poesis.</strong></span> <span class='ocrx_word' id='word_1_80' title='bbox 594 1241 658 1302; x_wconf 86' lang='lat' dir='ltr'><strong>Erit</strong></span> <span class='ocrx_word' id='word_1_81' title='bbox 680 1259 764 1319; x_wconf 87' lang='lat' dir='ltr'><strong>quac,</strong></span> <span class='ocrx_word' id='word_1_82' title='bbox 789 1241 812 1301; x_wconf 92' lang='lat' dir='ltr'><strong>si</strong></span> <span class='ocrx_word' id='word_1_83' title='bbox 836 1241 959 1319; x_wconf 89' lang='lat' dir='ltr'><strong>propius</strong></span> <span class='ocrx_word' id='word_1_84' title='bbox 981 1249 1050 1312; x_wconf 72' lang='lat' dir='ltr'><strong>stes</strong></span> 
     </span>
     <span class='ocr_line' id='line_1_13' title="bbox 245 1324 1078 1406; baseline 0.001 -21"><span class='ocrx_word' id='word_1_85' title='bbox 245 1325 287 1386; x_wconf 86' lang='lat' dir='ltr'><strong>Te</strong></span> <span class='ocrx_word' id='word_1_86' title='bbox 309 1327 405 1405; x_wconf 91' lang='lat' dir='ltr'><strong>capiat</strong></span> <span class='ocrx_word' id='word_1_87' title='bbox 426 1327 528 1406; x_wconf 84' lang='lat' dir='ltr'><strong>magis,</strong></span> <span class='ocrx_word' id='word_1_88' title='bbox 552 1336 581 1387; x_wconf 92' lang='lat' dir='ltr'><strong>et</strong></span> <span class='ocrx_word' id='word_1_89' title='bbox 604 1326 756 1405; x_wconf 89' lang='lat' dir='ltr'><strong>quaedam,</strong></span> <span class='ocrx_word' id='word_1_90' title='bbox 779 1326 802 1386; x_wconf 93' lang='lat' dir='ltr'><strong>si</strong></span> <span class='ocrx_word' id='word_1_91' title='bbox 826 1325 943 1404; x_wconf 79' lang='lat' dir='ltr'><strong>longius</strong></span> <span class='ocrx_word' id='word_1_92' title='bbox 966 1324 1078 1399; x_wconf 87' lang='lat' dir='ltr'><strong>ahstes;</strong></span> 
     </span>
     <span class='ocr_line' id='line_1_14' title="bbox 245 1408 1102 1486; baseline -0.002 -16"><span class='ocrx_word' id='word_1_93' title='bbox 245 1411 324 1471; x_wconf 90' lang='lat' dir='ltr'><strong>Haec</strong></span> <span class='ocrx_word' id='word_1_94' title='bbox 348 1421 425 1472; x_wconf 89' lang='lat' dir='ltr'><strong>amat</strong></span> <span class='ocrx_word' id='word_1_95' title='bbox 447 1412 617 1486; x_wconf 90' lang='lat' dir='ltr'><strong>obscurum,</strong></span> <span class='ocrx_word' id='word_1_96' title='bbox 641 1412 718 1472; x_wconf 91' lang='lat' dir='ltr'><strong>volet</strong></span> <span class='ocrx_word' id='word_1_97' title='bbox 740 1411 812 1471; x_wconf 92' lang='lat' dir='ltr'><strong>haec</strong></span> <span class='ocrx_word' id='word_1_98' title='bbox 835 1410 889 1471; x_wconf 92' lang='lat' dir='ltr'><strong>suh</strong></span> <span class='ocrx_word' id='word_1_99' title='bbox 912 1411 978 1470; x_wconf 88' lang='lat' dir='ltr'><strong>luce</strong></span> <span class='ocrx_word' id='word_1_100' title='bbox 1001 1408 1102 1482; x_wconf 91' lang='lat' dir='ltr'><strong>videri,</strong></span> 
     </span>
     <span class='ocr_line' id='line_1_15' title="bbox 244 1495 1019 1576; baseline 0 -20"><span class='ocrx_word' id='word_1_101' title='bbox 244 1495 352 1558; x_wconf 92' lang='lat' dir='ltr'><strong>ludicis</strong></span> <span class='ocrx_word' id='word_1_102' title='bbox 375 1509 511 1576; x_wconf 84' lang='lat' dir='ltr'><strong>argutum</strong></span> <span class='ocrx_word' id='word_1_103' title='bbox 535 1516 610 1576; x_wconf 91' lang='lat' dir='ltr'><strong>quae</strong></span> <span class='ocrx_word' id='word_1_104' title='bbox 634 1516 695 1557; x_wconf 93' lang='lat' dir='ltr'><strong>non</strong></span> <span class='ocrx_word' id='word_1_105' title='bbox 719 1496 858 1556; x_wconf 80' lang='lat' dir='ltr'><strong>formidat</strong></span> <span class='ocrx_word' id='word_1_106' title='bbox 881 1513 1019 1569; x_wconf 74' lang='lat' dir='ltr'><strong>acumem</strong></span> 
     </span>
     <span class='ocr_line' id='line_1_16' title="bbox 244 1579 1191 1661; baseline -0.002 -21"><span class='ocrx_word' id='word_1_107' title='bbox 244 1580 326 1642; x_wconf 92' lang='lat' dir='ltr'><strong>Haec</strong></span> <span class='ocrx_word' id='word_1_108' title='bbox 348 1583 458 1661; x_wconf 91' lang='lat' dir='ltr'><strong>placuit</strong></span> <span class='ocrx_word' id='word_1_109' title='bbox 479 1582 579 1657; x_wconf 86' lang='lat' dir='ltr'><strong>semel,</strong></span> <span class='ocrx_word' id='word_1_110' title='bbox 602 1584 673 1642; x_wconf 92' lang='lat' dir='ltr'><strong>haec</strong></span> <span class='ocrx_word' id='word_1_111' title='bbox 697 1581 818 1642; x_wconf 86' lang='lat' dir='ltr'><strong>deciens</strong></span> <span class='ocrx_word' id='word_1_112' title='bbox 840 1582 963 1661; x_wconf 91' lang='lat' dir='ltr'><strong>repetita</strong></span> <span class='ocrx_word' id='word_1_113' title='bbox 987 1579 1123 1660; x_wconf 92' lang='lat' dir='ltr'><strong>placebit.</strong></span> <span class='ocrx_word' id='word_1_114' title='bbox 1148 1612 1191 1624; x_wconf 91' lang='lat'><em>-</em></span> 
     </span>
     <span class='ocr_line' id='line_1_17' title="bbox 245 1666 1005 1747; baseline 0 -21"><span class='ocrx_word' id='word_1_115' title='bbox 245 1666 269 1727; x_wconf 90' lang='grc' dir='ltr'>Ο</span> <span class='ocrx_word' id='word_1_116' title='bbox 293 1667 388 1726; x_wconf 91' lang='lat' dir='ltr'><strong>maior</strong></span> <span class='ocrx_word' id='word_1_117' title='bbox 411 1668 559 1740; x_wconf 89' lang='lat' dir='ltr'><strong>iuvenum,</strong></span> <span class='ocrx_word' id='word_1_118' title='bbox 583 1667 716 1746; x_wconf 89' lang='lat' dir='ltr'><strong>quamvis</strong></span> <span class='ocrx_word' id='word_1_119' title='bbox 738 1678 767 1726; x_wconf 91' lang='lat' dir='ltr'><strong>et</strong></span> <span class='ocrx_word' id='word_1_120' title='bbox 788 1685 859 1727; x_wconf 92' lang='lat' dir='ltr'><strong>voce</strong></span> <span class='ocrx_word' id='word_1_121' title='bbox 882 1675 1005 1747; x_wconf 92' lang='lat' dir='ltr'><strong>paterna</strong></span> 
     </span>
     <span class='ocr_line' id='line_1_18' title="bbox 245 1747 1162 1832; baseline -0.002 -22"><span class='ocrx_word' id='word_1_122' title='bbox 245 1750 383 1830; x_wconf 81' lang='lat' dir='ltr'><strong>Fingeris</strong></span> <span class='ocrx_word' id='word_1_123' title='bbox 405 1755 440 1814; x_wconf 91' lang='lat' dir='ltr'><strong>ad</strong></span> <span class='ocrx_word' id='word_1_124' title='bbox 464 1763 579 1814; x_wconf 91' lang='lat' dir='ltr'><strong>rectum</strong></span> <span class='ocrx_word' id='word_1_125' title='bbox 603 1762 633 1812; x_wconf 94' lang='lat' dir='ltr'><strong>et</strong></span> <span class='ocrx_word' id='word_1_126' title='bbox 654 1760 760 1832; x_wconf 89' lang='lat' dir='ltr'><strong>perte</strong></span> <span class='ocrx_word' id='word_1_127' title='bbox 784 1752 872 1831; x_wconf 85' lang='lat' dir='ltr'><strong>sapis,</strong></span> <span class='ocrx_word' id='word_1_128' title='bbox 896 1752 952 1812; x_wconf 90' lang='lat' dir='ltr'><strong>hoc</strong></span> <span class='ocrx_word' id='word_1_129' title='bbox 974 1750 1027 1811; x_wconf 93' lang='lat' dir='ltr'><strong>tihi</strong></span> <span class='ocrx_word' id='word_1_130' title='bbox 1049 1747 1162 1810; x_wconf 90' lang='lat' dir='ltr'><strong>dictum</strong></span> 
     </span>
     <span class='ocr_line' id='line_1_19' title="bbox 243 1835 1071 1910; baseline -0.002 -14"><span class='ocrx_word' id='word_1_131' title='bbox 243 1836 326 1897; x_wconf 86' lang='lat' dir='ltr'><strong>Tolle</strong></span> <span class='ocrx_word' id='word_1_132' title='bbox 349 1856 473 1910; x_wconf 92' lang='lat' dir='ltr'><strong>memor,</strong></span> <span class='ocrx_word' id='word_1_133' title='bbox 496 1839 584 1899; x_wconf 90' lang='lat' dir='ltr'><strong>certis</strong></span> <span class='ocrx_word' id='word_1_134' title='bbox 606 1838 734 1899; x_wconf 93' lang='lat' dir='ltr'><strong>medium</strong></span> <span class='ocrx_word' id='word_1_135' title='bbox 758 1846 786 1897; x_wconf 94' lang='lat' dir='ltr'><strong>et</strong></span> <span class='ocrx_word' id='word_1_136' title='bbox 807 1837 959 1898; x_wconf 86' lang='lat' dir='ltr'><strong>tolerabile</strong></span> <span class='ocrx_word' id='word_1_137' title='bbox 981 1835 1071 1895; x_wconf 92' lang='lat' dir='ltr'><strong>rebus</strong></span> 
     </span>
     <span class='ocr_line' id='line_1_20' title="bbox 244 1920 928 1997; baseline 0 -17"><span class='ocrx_word' id='word_1_138' title='bbox 244 1920 335 1982; x_wconf 86' lang='lat' dir='ltr'><strong>Recte</strong></span> <span class='ocrx_word' id='word_1_139' title='bbox 358 1924 499 1997; x_wconf 90' lang='lat' dir='ltr'><strong>concedi;</strong></span> <span class='ocrx_word' id='word_1_140' title='bbox 522 1924 676 1984; x_wconf 90' lang='lat' dir='ltr'><strong>consultus</strong></span> <span class='ocrx_word' id='word_1_141' title='bbox 699 1922 771 1982; x_wconf 90' lang='lat' dir='ltr'><strong>iuris</strong></span> <span class='ocrx_word' id='word_1_142' title='bbox 794 1931 823 1981; x_wconf 92' lang='lat' dir='ltr'><strong>et</strong></span> <span class='ocrx_word' id='word_1_143' title='bbox 845 1930 928 1981; x_wconf 92' lang='lat' dir='ltr'><strong>actor</strong></span> 
     </span>
    </p>

    <p class='ocr_par' dir='ltr' id='par_1_3' title="bbox 156 2004 1127 2425">
     <span class='ocr_line' id='line_1_21' title="bbox 156 2004 939 2069; baseline -0.003 -4"><span class='ocrx_word' id='word_1_144' title='bbox 156 2015 200 2066; x_wconf 74' lang='grc'><strong>858</strong></span> <span class='ocrx_word' id='word_1_145' title='bbox 244 2004 403 2067; x_wconf 85' lang='lat' dir='ltr'><strong>Causarum</strong></span> <span class='ocrx_word' id='word_1_146' title='bbox 428 2008 584 2069; x_wconf 91' lang='lat' dir='ltr'><strong>mediocris</strong></span> <span class='ocrx_word' id='word_1_147' title='bbox 606 2007 689 2067; x_wconf 89' lang='lat' dir='ltr'><strong>abest</strong></span> <span class='ocrx_word' id='word_1_148' title='bbox 710 2007 818 2067; x_wconf 90' lang='lat' dir='ltr'><strong>virtute</strong></span> <span class='ocrx_word' id='word_1_149' title='bbox 839 2005 939 2065; x_wconf 90' lang='lat' dir='ltr'><strong>diserti</strong></span> 
     </span>
     <span class='ocr_line' id='line_1_22' title="bbox 245 2088 1027 2169; baseline 0.001 -20"><span class='ocrx_word' id='word_1_150' title='bbox 245 2090 398 2150; x_wconf 89' lang='lat' dir='ltr'><strong>Messallae</strong></span> <span class='ocrx_word' id='word_1_151' title='bbox 422 2110 478 2152; x_wconf 90' lang='lat' dir='ltr'><strong>nec</strong></span> <span class='ocrx_word' id='word_1_152' title='bbox 500 2092 556 2151; x_wconf 88' lang='lat' dir='ltr'><strong>scit</strong></span> <span class='ocrx_word' id='word_1_153' title='bbox 579 2101 722 2169; x_wconf 91' lang='lat' dir='ltr'><strong>quantum</strong></span> <span class='ocrx_word' id='word_1_154' title='bbox 745 2089 902 2150; x_wconf 85' lang='lat' dir='ltr'><strong>Cascellius</strong></span> <span class='ocrx_word' id='word_1_155' title='bbox 924 2088 1027 2161; x_wconf 78' lang='lat' dir='ltr'><strong>Aulus,</strong></span> 
     </span>
     <span class='ocr_line' id='line_1_23' title="bbox 245 2173 1127 2254; baseline 0 -20"><span class='ocrx_word' id='word_1_156' title='bbox 245 2175 302 2234; x_wconf 87' lang='lat' dir='ltr'><strong>Sed</strong></span> <span class='ocrx_word' id='word_1_157' title='bbox 326 2183 423 2234; x_wconf 91' lang='lat' dir='ltr'><strong>tamen</strong></span> <span class='ocrx_word' id='word_1_158' title='bbox 447 2176 476 2234; x_wconf 96' lang='lat' dir='ltr'><strong>in</strong></span> <span class='ocrx_word' id='word_1_159' title='bbox 501 2176 597 2254; x_wconf 93' lang='lat' dir='ltr'><strong>pretio</strong></span> <span class='ocrx_word' id='word_1_160' title='bbox 622 2186 682 2235; x_wconf 89' lang='lat' dir='ltr'><strong>est:</strong></span> <span class='ocrx_word' id='word_1_161' title='bbox 706 2173 905 2234; x_wconf 88' lang='lat' dir='ltr'><strong>mediocribus</strong></span> <span class='ocrx_word' id='word_1_162' title='bbox 927 2193 992 2234; x_wconf 91' lang='lat' dir='ltr'><strong>esse</strong></span> <span class='ocrx_word' id='word_1_163' title='bbox 1014 2174 1127 2253; x_wconf 86' lang='lat' dir='ltr'><strong>poetis.</strong></span> 
     </span>
     <span class='ocr_line' id='line_1_24' title="bbox 241 2259 1096 2332; baseline 0 -14"><span class='ocrx_word' id='word_1_164' title='bbox 241 2259 307 2318; x_wconf 89' lang='lat' dir='ltr'><strong>Non</strong></span> <span class='ocrx_word' id='word_1_165' title='bbox 332 2259 477 2332; x_wconf 90' lang='lat' dir='ltr'><strong>homines,</strong></span> <span class='ocrx_word' id='word_1_166' title='bbox 502 2278 561 2320; x_wconf 95' lang='lat' dir='ltr'><strong>non</strong></span> <span class='ocrx_word' id='word_1_167' title='bbox 586 2260 624 2331; x_wconf 88' lang='lat' dir='ltr'><strong>di,</strong></span> <span class='ocrx_word' id='word_1_168' title='bbox 649 2279 709 2320; x_wconf 92' lang='lat' dir='ltr'><strong>non</strong></span> <span class='ocrx_word' id='word_1_169' title='bbox 734 2276 909 2319; x_wconf 88' lang='lat' dir='ltr'><strong>concessere</strong></span> <span class='ocrx_word' id='word_1_170' title='bbox 932 2259 1096 2319; x_wconf 88' lang='lat' dir='ltr'><strong>columnae.</strong></span> 
     </span>
     <span class='ocr_line' id='line_1_25' title="bbox 243 2343 970 2425; baseline 0 -21"><span class='ocrx_word' id='word_1_171' title='bbox 243 2343 280 2404; x_wconf 89' lang='lat' dir='ltr'><strong>Ut</strong></span> <span class='ocrx_word' id='word_1_172' title='bbox 301 2355 398 2422; x_wconf 85' lang='lat' dir='ltr'><strong>gratas</strong></span> <span class='ocrx_word' id='word_1_173' title='bbox 421 2345 499 2405; x_wconf 92' lang='lat' dir='ltr'><strong>inter</strong></span> <span class='ocrx_word' id='word_1_174' title='bbox 521 2363 639 2406; x_wconf 91' lang='lat' dir='ltr'><strong>mensas</strong></span> <span class='ocrx_word' id='word_1_175' title='bbox 661 2344 836 2425; x_wconf 80' lang='lat' dir='ltr'><strong>symphonia</strong></span> <span class='ocrx_word' id='word_1_176' title='bbox 858 2344 970 2405; x_wconf 90' lang='lat' dir='ltr'><strong>discors</strong></span> 
     </span>
    </p>

    <p class='ocr_par' dir='ltr' id='par_1_4' title="bbox 153 2428 1160 2850">
     <span class='ocr_line' id='line_1_26' title="bbox 153 2428 1160 2509; baseline 0.002 -21"><span class='ocrx_word' id='word_1_177' title='bbox 153 2439 196 2489; x_wconf 74' lang='grc'><strong>855</strong></span> <span class='ocrx_word' id='word_1_178' title='bbox 239 2428 277 2489; x_wconf 83' lang='lat' dir='ltr'><strong>Et</strong></span> <span class='ocrx_word' id='word_1_179' title='bbox 299 2448 429 2491; x_wconf 92' lang='lat' dir='ltr'><strong>crassum</strong></span> <span class='ocrx_word' id='word_1_180' title='bbox 453 2441 640 2509; x_wconf 84' lang='lat' dir='ltr'><strong>unguentum</strong></span> <span class='ocrx_word' id='word_1_181' title='bbox 664 2441 693 2491; x_wconf 95' lang='lat' dir='ltr'><strong>et</strong></span> <span class='ocrx_word' id='word_1_182' title='bbox 716 2430 808 2490; x_wconf 88' lang='lat' dir='ltr'><strong>Sardo</strong></span> <span class='ocrx_word' id='word_1_183' title='bbox 831 2448 898 2490; x_wconf 92' lang='lat' dir='ltr'><strong>cum</strong></span> <span class='ocrx_word' id='word_1_184' title='bbox 922 2429 1008 2490; x_wconf 93' lang='lat' dir='ltr'><strong>melle</strong></span> <span class='ocrx_word' id='word_1_185' title='bbox 1031 2447 1160 2508; x_wconf 91' lang='lat' dir='ltr'><strong>papaver</strong></span> 
     </span>
     <span class='ocr_line' id='line_1_27' title="bbox 242 2513 1016 2595; baseline 0.001 -21"><span class='ocrx_word' id='word_1_186' title='bbox 242 2513 415 2588; x_wconf 87' lang='lat' dir='ltr'><strong>Offendunt,</strong></span> <span class='ocrx_word' id='word_1_187' title='bbox 439 2525 555 2595; x_wconf 95' lang='lat' dir='ltr'><strong>poterat</strong></span> <span class='ocrx_word' id='word_1_188' title='bbox 577 2515 645 2576; x_wconf 90' lang='lat' dir='ltr'><strong>duci</strong></span> <span class='ocrx_word' id='word_1_189' title='bbox 668 2516 737 2594; x_wconf 92' lang='lat' dir='ltr'><strong>quia</strong></span> <span class='ocrx_word' id='word_1_190' title='bbox 761 2533 834 2575; x_wconf 90' lang='lat' dir='ltr'><strong>cena</strong></span> <span class='ocrx_word' id='word_1_191' title='bbox 857 2516 921 2576; x_wconf 92' lang='lat' dir='ltr'><strong>sine</strong></span> <span class='ocrx_word' id='word_1_192' title='bbox 944 2515 1016 2586; x_wconf 89' lang='lat' dir='ltr'><strong>istis,</strong></span> 
     </span>
     <span class='ocr_line' id='line_1_28' title="bbox 243 2599 1078 2679; baseline 0 -19"><span class='ocrx_word' id='word_1_193' title='bbox 243 2599 292 2660; x_wconf 91' lang='lat' dir='ltr'><strong>Sic</strong></span> <span class='ocrx_word' id='word_1_194' title='bbox 316 2602 421 2661; x_wconf 92' lang='lat' dir='ltr'><strong>animis</strong></span> <span class='ocrx_word' id='word_1_195' title='bbox 446 2611 546 2661; x_wconf 92' lang='lat' dir='ltr'><strong>natum</strong></span> <span class='ocrx_word' id='word_1_196' title='bbox 570 2601 784 2679; x_wconf 90' lang='lat' dir='ltr'><strong>inventumque</strong></span> <span class='ocrx_word' id='word_1_197' title='bbox 806 2618 912 2679; x_wconf 92' lang='lat' dir='ltr'><strong>poema</strong></span> <span class='ocrx_word' id='word_1_198' title='bbox 935 2600 1078 2672; x_wconf 89' lang='lat' dir='ltr'><strong>iuvandis,</strong></span> 
     </span>
     <span class='ocr_line' id='line_1_29' title="bbox 241 2684 1021 2764; baseline 0 -20"><span class='ocrx_word' id='word_1_199' title='bbox 241 2684 271 2744; x_wconf 90' lang='lat' dir='ltr'><strong>Si</strong></span> <span class='ocrx_word' id='word_1_200' title='bbox 296 2686 425 2762; x_wconf 88' lang='lat' dir='ltr'><strong>paullum</strong></span> <span class='ocrx_word' id='word_1_201' title='bbox 449 2704 564 2746; x_wconf 90' lang='lat' dir='ltr'><strong>summo</strong></span> <span class='ocrx_word' id='word_1_202' title='bbox 588 2685 722 2758; x_wconf 83' lang='lat' dir='ltr'><strong>decessit,</strong></span> <span class='ocrx_word' id='word_1_203' title='bbox 745 2686 838 2764; x_wconf 84' lang='lat' dir='ltr'><strong>vergit</strong></span> <span class='ocrx_word' id='word_1_204' title='bbox 859 2684 895 2745; x_wconf 92' lang='lat' dir='ltr'><strong>ad</strong></span> <span class='ocrx_word' id='word_1_205' title='bbox 918 2684 1021 2744; x_wconf 91' lang='lat' dir='ltr'><strong>imum.</strong></span> 
     </span>
     <span class='ocr_line' id='line_1_30' title="bbox 243 2768 1071 2850; baseline 0.002 -22"><span class='ocrx_word' id='word_1_206' title='bbox 243 2768 360 2829; x_wconf 92' lang='lat' dir='ltr'><strong>Ludere</strong></span> <span class='ocrx_word' id='word_1_207' title='bbox 384 2771 433 2849; x_wconf 93' lang='lat' dir='ltr'><strong>qui</strong></span> <span class='ocrx_word' id='word_1_208' title='bbox 458 2771 562 2841; x_wconf 89' lang='lat' dir='ltr'><strong>nescit,</strong></span> <span class='ocrx_word' id='word_1_209' title='bbox 586 2770 801 2850; x_wconf 90' lang='lat' dir='ltr'><strong>campestrihus</strong></span> <span class='ocrx_word' id='word_1_210' title='bbox 823 2769 951 2830; x_wconf 89' lang='lat' dir='ltr'><strong>abstinet</strong></span> <span class='ocrx_word' id='word_1_211' title='bbox 973 2769 1071 2841; x_wconf 91' lang='lat' dir='ltr'><strong>armis,</strong></span> 
     </span>
    </p>

    <p class='ocr_par' dir='ltr' id='par_1_5' title="bbox 154 2853 1077 3103">
     <span class='ocr_line' id='line_1_31' title="bbox 154 2853 984 2934; baseline 0.004 -22"><span class='ocrx_word' id='word_1_212' title='bbox 154 2860 197 2912; x_wconf 84' lang='grc'><strong>888</strong></span> <span class='ocrx_word' id='word_1_213' title='bbox 241 2853 440 2933; x_wconf 92' lang='lat' dir='ltr'><strong>lndoctusque</strong></span> <span class='ocrx_word' id='word_1_214' title='bbox 464 2855 540 2934; x_wconf 89' lang='lat' dir='ltr'><strong>pilae</strong></span> <span class='ocrx_word' id='word_1_215' title='bbox 563 2855 672 2917; x_wconf 88' lang='lat' dir='ltr'><strong>discive</strong></span> <span class='ocrx_word' id='word_1_216' title='bbox 694 2856 826 2916; x_wconf 90' lang='lat' dir='ltr'><strong>trochive</strong></span> <span class='ocrx_word' id='word_1_217' title='bbox 849 2854 984 2933; x_wconf 86' lang='lat' dir='ltr'><strong>quiescit,</strong></span> 
     </span>
     <span class='ocr_line' id='line_1_32' title="bbox 241 2938 974 3020; baseline 0 -22"><span class='ocrx_word' id='word_1_218' title='bbox 241 2938 285 2998; x_wconf 87' lang='lat' dir='ltr'><strong>Ne</strong></span> <span class='ocrx_word' id='word_1_219' title='bbox 308 2940 419 3018; x_wconf 85' lang='lat' dir='ltr'><strong>spissae</strong></span> <span class='ocrx_word' id='word_1_220' title='bbox 443 2941 532 3000; x_wconf 91' lang='lat' dir='ltr'><strong>risum</strong></span> <span class='ocrx_word' id='word_1_221' title='bbox 558 2940 660 3001; x_wconf 93' lang='lat' dir='ltr'><strong>tollant</strong></span> <span class='ocrx_word' id='word_1_222' title='bbox 682 2942 804 3020; x_wconf 91' lang='lat' dir='ltr'><strong>impune</strong></span> <span class='ocrx_word' id='word_1_223' title='bbox 828 2957 974 2999; x_wconf 87' lang='lat' dir='ltr'><strong>coronae:</strong></span> 
     </span>
     <span class='ocr_line' id='line_1_33' title="bbox 242 3021 1077 3103; baseline 0 -20"><span class='ocrx_word' id='word_1_224' title='bbox 242 3023 297 3093; x_wconf 84' lang='lat' dir='ltr'><strong>Oui</strong></span> <span class='ocrx_word' id='word_1_225' title='bbox 323 3025 417 3085; x_wconf 90' lang='lat' dir='ltr'><strong>nescit</strong></span> <span class='ocrx_word' id='word_1_226' title='bbox 438 3044 539 3085; x_wconf 91' lang='lat' dir='ltr'><strong>versus</strong></span> <span class='ocrx_word' id='word_1_227' title='bbox 561 3035 658 3086; x_wconf 92' lang='lat' dir='ltr'><strong>tamen</strong></span> <span class='ocrx_word' id='word_1_228' title='bbox 682 3025 770 3086; x_wconf 91' lang='lat' dir='ltr'><strong>audet</strong></span> <span class='ocrx_word' id='word_1_229' title='bbox 793 3022 927 3103; x_wconf 77' lang='lat' dir='ltr'><strong>tingere?</strong></span> <span class='ocrx_word' id='word_1_230' title='bbox 951 3021 1077 3102; x_wconf 82' lang='lat' dir='ltr'><strong>quidni?</strong></span> 
     </span>
    </p>
   </div>
   <div class='ocr_carea' id='block_1_3' title="bbox 154 3107 1101 3527">
    <p class='ocr_par' dir='ltr' id='par_1_6' title="bbox 241 3107 1080 3190">
     <span class='ocr_line' id='line_1_34' title="bbox 241 3107 1080 3190; baseline 0 -23"><span class='ocrx_word' id='word_1_231' title='bbox 241 3107 330 3168; x_wconf 84' lang='lat' dir='ltr'><strong>hiber</strong></span> <span class='ocrx_word' id='word_1_232' title='bbox 353 3121 382 3169; x_wconf 93' lang='lat' dir='ltr'><strong>et</strong></span> <span class='ocrx_word' id='word_1_233' title='bbox 403 3110 561 3188; x_wconf 84' lang='lat' dir='ltr'><strong>ingenuus,</strong></span> <span class='ocrx_word' id='word_1_234' title='bbox 584 3110 757 3190; x_wconf 90' lang='lat' dir='ltr'><strong>praesertim</strong></span> <span class='ocrx_word' id='word_1_235' title='bbox 782 3128 890 3170; x_wconf 89' lang='lat' dir='ltr'><strong>census</strong></span> <span class='ocrx_word' id='word_1_236' title='bbox 913 3118 1080 3187; x_wconf 87' lang='lat' dir='ltr'><strong>equestrem</strong></span> 
     </span>
    </p>

    <p class='ocr_par' dir='ltr' id='par_1_7' title="bbox 154 3193 1086 3350">
     <span class='ocr_line' id='line_1_35' title="bbox 241 3193 1086 3274; baseline -0.001 -22"><span class='ocrx_word' id='word_1_237' title='bbox 241 3193 393 3254; x_wconf 90' lang='lat' dir='ltr'><strong>Summam</strong></span> <span class='ocrx_word' id='word_1_238' title='bbox 418 3212 607 3255; x_wconf 88' lang='lat' dir='ltr'><strong>nummorum</strong></span> <span class='ocrx_word' id='word_1_239' title='bbox 630 3197 759 3274; x_wconf 89' lang='lat' dir='ltr'><strong>vitioque</strong></span> <span class='ocrx_word' id='word_1_240' title='bbox 783 3204 914 3255; x_wconf 88' lang='lat' dir='ltr'><strong>remotus</strong></span> <span class='ocrx_word' id='word_1_241' title='bbox 936 3194 972 3254; x_wconf 94' lang='lat' dir='ltr'><strong>ah</strong></span> <span class='ocrx_word' id='word_1_242' title='bbox 995 3194 1086 3254; x_wconf 90' lang='lat' dir='ltr'><strong>omni.</strong></span> 
     </span>
     <span class='ocr_line' id='line_1_36' title="bbox 154 3277 908 3350; baseline 0.005 -14"><span class='ocrx_word' id='word_1_243' title='bbox 154 3284 197 3336; x_wconf 85' lang='grc'><strong>885</strong></span> <span class='ocrx_word' id='word_1_244' title='bbox 240 3277 285 3337; x_wconf 86' lang='lat' dir='ltr'><strong>Tu</strong></span> <span class='ocrx_word' id='word_1_245' title='bbox 311 3279 384 3338; x_wconf 92' lang='lat' dir='ltr'><strong>nihil</strong></span> <span class='ocrx_word' id='word_1_246' title='bbox 406 3279 494 3339; x_wconf 92' lang='lat' dir='ltr'><strong>invita</strong></span> <span class='ocrx_word' id='word_1_247' title='bbox 518 3280 598 3340; x_wconf 91' lang='lat' dir='ltr'><strong>dices</strong></span> <span class='ocrx_word' id='word_1_248' title='bbox 621 3281 747 3341; x_wconf 82' lang='lat' dir='ltr'><strong>faciesve</strong></span> <span class='ocrx_word' id='word_1_249' title='bbox 769 3279 908 3350; x_wconf 87' lang='lat' dir='ltr'><strong>Minerva,</strong></span> 
     </span>
    </p>

    <p class='ocr_par' dir='ltr' id='par_1_8' title="bbox 240 3362 1101 3442">
     <span class='ocr_line' id='line_1_37' title="bbox 240 3362 1101 3442; baseline 0.001 -21"><span class='ocrx_word' id='word_1_250' title='bbox 240 3362 272 3421; x_wconf 95' lang='lat' dir='ltr'><strong>ld</strong></span> <span class='ocrx_word' id='word_1_251' title='bbox 296 3362 348 3423; x_wconf 91' lang='lat' dir='ltr'><strong>tihi</strong></span> <span class='ocrx_word' id='word_1_252' title='bbox 371 3363 512 3425; x_wconf 91' lang='lat' dir='ltr'><strong>iudicium</strong></span> <span class='ocrx_word' id='word_1_253' title='bbox 535 3374 587 3436; x_wconf 90' lang='lat' dir='ltr'><strong>est,</strong></span> <span class='ocrx_word' id='word_1_254' title='bbox 612 3384 644 3425; x_wconf 95' lang='lat' dir='ltr'><strong>ea</strong></span> <span class='ocrx_word' id='word_1_255' title='bbox 667 3383 768 3439; x_wconf 89' lang='lat' dir='ltr'><strong>mens;</strong></span> <span class='ocrx_word' id='word_1_256' title='bbox 790 3365 885 3442; x_wconf 89' lang='lat' dir='ltr'><strong>siquid</strong></span> <span class='ocrx_word' id='word_1_257' title='bbox 909 3375 1008 3424; x_wconf 91' lang='lat' dir='ltr'><strong>tamen</strong></span> <span class='ocrx_word' id='word_1_258' title='bbox 1032 3363 1101 3423; x_wconf 93' lang='lat' dir='ltr'><strong>olim</strong></span> 
     </span>
    </p>

    <p class='ocr_par' dir='ltr' id='par_1_9' title="bbox 241 3448 990 3527">
     <span class='ocr_line' id='line_1_38' title="bbox 241 3448 990 3527; baseline 0.004 -20"><span class='ocrx_word' id='word_1_259' title='bbox 241 3448 411 3527; x_wconf 88' lang='lat' dir='ltr'><strong>Scripseris,</strong></span> <span class='ocrx_word' id='word_1_260' title='bbox 435 3449 464 3508; x_wconf 92' lang='lat' dir='ltr'><strong>in</strong></span> <span class='ocrx_word' id='word_1_261' title='bbox 489 3449 578 3509; x_wconf 89' lang='lat' dir='ltr'><strong>Maeci</strong></span> <span class='ocrx_word' id='word_1_262' title='bbox 603 3451 763 3511; x_wconf 87' lang='lat' dir='ltr'><strong>descendat</strong></span> <span class='ocrx_word' id='word_1_263' title='bbox 785 3449 888 3510; x_wconf 90' lang='lat' dir='ltr'><strong>iudicis</strong></span> <span class='ocrx_word' id='word_1_264' title='bbox 911 3449 990 3510; x_wconf 92' lang='lat' dir='ltr'><strong>auris</strong></span> 
     </span>
    </p>
   </div>
   <div class='ocr_carea' id='block_1_4' title="bbox 157 3601 358 3610">
    <p class='ocr_par' dir='ltr' id='par_1_10' title="bbox 157 3601 358 3610">
     <span class='ocr_line' id='line_1_39' title="bbox 157 3601 358 3610; baseline 0 0"><span class='ocrx_word' id='word_1_265' title='bbox 157 3601 358 3610; x_wconf 73' lang='lat'><strong>———</strong></span> 
     </span>
    </p>
   </div>
   <div class='ocr_carea' id='block_1_5' title="bbox 155 3699 1231 3973">
    <p class='ocr_par' dir='ltr' id='par_1_11' title="bbox 155 3699 1231 3973">
     <span class='ocr_line' id='line_1_40' title="bbox 240 3699 1229 3770; baseline 0 -20"><span class='ocrx_word' id='word_1_266' title='bbox 240 3717 263 3751; x_wconf 88' lang='lat' dir='ltr'><strong>o.</strong></span> <span class='ocrx_word' id='word_1_267' title='bbox 284 3703 333 3753; x_wconf 82' lang='lat'><strong>355</strong></span> <span class='ocrx_word' id='word_1_268' title='bbox 359 3703 396 3765; x_wconf 91' lang='lat' dir='ltr'><strong>nt]</strong></span> <span class='ocrx_word' id='word_1_269' title='bbox 419 3704 468 3764; x_wconf 72' lang='lat' dir='ltr'><strong>(vlt</strong></span> <span class='ocrx_word' id='word_1_270' title='bbox 497 3707 523 3753; x_wconf 86' lang='lat' dir='ltr'><strong>et</strong></span> <span class='ocrx_word' id='word_1_271' title='bbox 549 3699 553 3768; x_wconf 94' lang='grc' dir='ltr'>Ι</span> <span class='ocrx_word' id='word_1_272' title='bbox 582 3704 631 3753; x_wconf 84' lang='grc'><strong>356</strong></span> <span class='ocrx_word' id='word_1_273' title='bbox 659 3699 761 3752; x_wconf 87' lang='lat' dir='ltr'><strong>oberret</strong></span> <span class='ocrx_word' id='word_1_274' title='bbox 787 3702 822 3764; x_wconf 81' lang='lat' dir='ltr'><strong>(c)</strong></span> <span class='ocrx_word' id='word_1_275' title='bbox 849 3701 854 3766; x_wconf 90' lang='grc' dir='ltr'>Ι</span> <span class='ocrx_word' id='word_1_276' title='bbox 881 3703 930 3754; x_wconf 89' lang='grc'><strong>358</strong></span> <span class='ocrx_word' id='word_1_277' title='bbox 949 3702 1029 3762; x_wconf 86' lang='lat' dir='ltr'><strong>terve]</strong></span> <span class='ocrx_word' id='word_1_278' title='bbox 1047 3701 1093 3763; x_wconf 87' lang='lat' dir='ltr'><strong>(v):</strong></span> <span class='ocrx_word' id='word_1_279' title='bbox 1113 3701 1229 3770; x_wconf 61' lang='lat' dir='ltr'><strong>terque!</strong></span> 
     </span>
     <span class='ocr_line' id='line_1_41' title="bbox 155 3767 1229 3835; baseline 0.002 -17"><span class='ocrx_word' id='word_1_280' title='bbox 155 3770 205 3820; x_wconf 88' lang='grc'><strong>358</strong></span> <span class='ocrx_word' id='word_1_281' title='bbox 217 3785 255 3835; x_wconf 79' lang='lat' dir='ltr'><strong>sq.</strong></span> <span class='ocrx_word' id='word_1_282' title='bbox 278 3777 313 3820; x_wconf 87' lang='lat' dir='ltr'><strong>.at</strong></span> <span class='ocrx_word' id='word_1_283' title='bbox 331 3768 397 3819; x_wconf 90' lang='lat' dir='ltr'><strong>idem</strong></span> <span class='ocrx_word' id='word_1_284' title='bbox 416 3769 533 3835; x_wconf 78' lang='lat' dir='ltr'><strong>indigner</strong></span> <span class='ocrx_word' id='word_1_285' title='bbox 546 3808 552 3820; x_wconf 92' lang='lat'><strong>.</strong></span> <span class='ocrx_word' id='word_1_286' title='bbox 566 3807 572 3819; x_wconf 90' lang='lat'><em>.</em></span> <span class='ocrx_word' id='word_1_287' title='bbox 586 3768 730 3820; x_wconf 83' lang='lat' dir='ltr'><strong>llomerus‘?</strong></span> <span class='ocrx_word' id='word_1_288' title='bbox 750 3775 896 3835; x_wconf 78' lang='lat' dir='ltr'><strong>praeeunte</strong></span> <span class='ocrx_word' id='word_1_289' title='bbox 915 3771 1016 3835; x_wconf 81' lang='lat' dir='ltr'><strong>partim</strong></span> <span class='ocrx_word' id='word_1_290' title='bbox 1040 3767 1229 3820; x_wconf 80' lang='lat' dir='ltr'><strong>Doederleinio</strong></span> 
     </span>
     <span class='ocr_line' id='line_1_42' title="bbox 156 3835 1231 3905; baseline 0.002 -19"><span class='ocrx_word' id='word_1_291' title='bbox 156 3835 314 3887; x_wconf 79' lang='lat' dir='ltr'><strong>Ribbechius</strong></span> <span class='ocrx_word' id='word_1_292' title='bbox 338 3839 341 3900; x_wconf 92' lang='grc' dir='ltr'>Ι</span> <span class='ocrx_word' id='word_1_293' title='bbox 364 3839 410 3888; x_wconf 82' lang='grc'><strong>351</strong></span> <span class='ocrx_word' id='word_1_294' title='bbox 431 3842 460 3887; x_wconf 94' lang='lat' dir='ltr'><strong>ut</strong></span> <span class='ocrx_word' id='word_1_295' title='bbox 478 3839 575 3905; x_wconf 90' lang='lat' dir='ltr'><strong>pictura</strong></span> <span class='ocrx_word' id='word_1_296' title='bbox 595 3839 682 3904; x_wconf 88' lang='lat' dir='ltr'><strong>poesis</strong></span> <span class='ocrx_word' id='word_1_297' title='bbox 702 3837 758 3899; x_wconf 87' lang='lat' dir='ltr'><strong>erit,</strong></span> <span class='ocrx_word' id='word_1_298' title='bbox 778 3838 841 3888; x_wconf 78' lang='lat' dir='ltr'><strong>libri</strong></span> <span class='ocrx_word' id='word_1_299' title='bbox 858 3839 955 3903; x_wconf 79' lang='lat' dir='ltr'><strong>Porph.</strong></span> <span class='ocrx_word' id='word_1_300' title='bbox 973 3836 1170 3887; x_wconf 77' lang='lat' dir='ltr'><strong>distinctionem</strong></span> <span class='ocrx_word' id='word_1_301' title='bbox 1187 3839 1231 3888; x_wconf 81' lang='lat' dir='ltr'><strong>in·</strong></span> 
     </span>
     <span class='ocr_line' id='line_1_43' title="bbox 155 3902 651 3973; baseline 0.008 -21"><span class='ocrx_word' id='word_1_302' title='bbox 155 3902 273 3955; x_wconf 78' lang='lat' dir='ltr'><strong>dicantes</strong></span> <span class='ocrx_word' id='word_1_303' title='bbox 288 3909 292 3970; x_wconf 89' lang='grc' dir='ltr'>Ι</span> <span class='ocrx_word' id='word_1_304' title='bbox 309 3906 358 3957; x_wconf 87' lang='grc'><strong>386</strong></span> <span class='ocrx_word' id='word_1_305' title='bbox 377 3909 432 3957; x_wconf 79' lang='lat' dir='ltr'><strong>esto</strong></span> <span class='ocrx_word' id='word_1_306' title='bbox 453 3905 577 3973; x_wconf 70' lang='lat' dir='ltr'><strong>Caystros,</strong></span> <span class='ocrx_word' id='word_1_307' title='bbox 595 3906 651 3956; x_wconf 77' lang='lat' dir='ltr'><strong>Fea</strong></span> 
     </span>
    </p>
   </div>
   <div class='ocr_carea' id='block_1_6' title="bbox 0 0 1333 4448">
    <p class='ocr_par' dir='ltr' id='par_1_12' title="bbox 0 0 1333 4448">
     <span class='ocr_line' id='line_1_44' title="bbox 0 0 1333 4448; baseline 0 0"><span class='ocrx_word' id='word_1_308' title='bbox 0 0 1333 4448; x_wconf 95' lang='lat' dir='ltr'><strong> </strong></span> 
     </span>
    </p>
   </div>
  </div>
 </body>
</html>
