2656 4448
514 974 552 1055 Q·
574 972 755 1042 uonrnu
776 975 947 1048 annom

295 1160 408 1257 DE
468 1164 702 1260 ARTE
762 1164 1148 1264 POETICA

670 1363 772 1417 LIBER.

273 1534 410 1596 Humano
433 1536 520 1615 capiti
543 1536 686 1597 cervicem
709 1536 807 1615 pictor
829 1536 966 1613 equinam

273 1619 401 1700 Iungere
423 1621 446 1682 si
468 1621 537 1681 velit
559 1629 588 1682 et
609 1621 702 1682 varias
725 1620 868 1682 inducere
890 1620 1005 1700 plumas

271 1704 408 1784 Undique
430 1706 555 1767 conlatis
577 1706 726 1782 membris,
750 1714 784 1766 ut
805 1705 932 1785 turpiter
953 1715 1048 1768 atrum

271 1789 392 1852 Desinat
413 1790 443 1850 in
468 1791 577 1869 piscem
600 1792 707 1852 mulier
729 1792 857 1853 formosa
879 1809 1018 1870 superne,

272 1875 442 1955 Spectatum
466 1876 582 1937 admissi
605 1878 696 1937 risum
719 1877 851 1947 teneatis,
875 1872 985 1935 amici?

273 1960 398 2030 Credite,
422 1959 556 2032 Pisones,
579 1961 624 2021 isti
647 1961 763 2021 tabulae
786 1962 850 2021 fore
872 1960 980 2019 librum

269 2044 463 2116 Persimilem,
486 2044 579 2118 cuius,
601 2044 681 2105 velut
703 2045 783 2124 aegri
806 2045 929 2117 somnia,
951 2062 1041 2104 vanae

271 2129 435 2208 Fingentur
457 2129 580 2207 species,
603 2138 636 2190 ut
658 2147 715 2190 nec
736 2148 789 2208 pes
812 2147 868 2190 nec
890 2137 980 2208 caput
1001 2130 1053 2190 uni

270 2214 421 2275 Reddatur
443 2214 564 2274 formae.
604 2207 786 2275 ‘Pictonibus
807 2223 895 2292 atque
917 2214 1013 2293 poetis

271 2298 422 2370 Quidlibet
444 2298 570 2360 audendi
593 2317 712 2378 semper
733 2300 790 2360 fuit
811 2317 904 2378 aequa
927 2290 1072 2378 potestas?

270 2385 386 2446 Scimus
408 2394 438 2446 et
459 2384 537 2444 hanc
559 2385 673 2445 veniam
695 2385 882 2464 petimusque
905 2384 1066 2462 damusque
1088 2384 1226 2458 vicissim,

270 2470 326 2530 Sed
351 2489 412 2531 non
436 2477 469 2530 ut
491 2469 613 2548 placidis
635 2479 742 2531 coeant
763 2469 886 2542 inmitia,
910 2489 971 2530 non
994 2479 1028 2529 ut

268 2555 430 2633 Serpentes
451 2554 552 2615 avibus
573 2555 771 2633 geminentur,
794 2554 920 2633 tigribus
941 2554 1019 2633 agni.

268 2640 398 2718 inceptis
420 2639 557 2717 gravibus
579 2640 755 2718 plerumque
778 2649 807 2700 et
827 2657 934 2716 magna
955 2637 1095 2719 professis

268 2726 450 2803 Purpureus,
473 2724 530 2784 late
553 2724 604 2802 qui
627 2724 788 2804 splendeat,
810 2743 889 2785 unus
912 2734 942 2785 et
963 2724 1037 2784 aiter

268 2809 408 2870 ddsuitur
429 2827 557 2888 pannus,
577 2827 647 2869 eum
671 2810 756 2870 lucus
779 2818 808 2870 et
829 2827 878 2870 ara
901 2809 1012 2870 Dianae

267 2894 305 2955 Et
326 2894 514 2973 properantis
536 2912 629 2972 aquae
652 2912 706 2974 per
727 2912 868 2956 amoenos
890 2893 1017 2955 ambitus
1039 2911 1127 2972 agros

268 2980 326 3040 Aut
349 2979 457 3039 flumen
481 2978 618 3039 Rhenum
642 2988 692 3040 aut
713 2980 829 3058 pluvius
852 2978 1029 3040 describitur
1050 2996 1148 3039 arcus.

271 3065 327 3126 Sed
352 3083 433 3125 nunc
457 3082 518 3124 non
542 3072 604 3124 erat
625 3064 671 3125 his
693 3064 785 3125 locus.
830 3063 868 3124 Et
889 3066 1013 3125 fortasse
1035 3080 1211 3142 cupressum

184 3159 214 3210 20
271 3150 334 3210 Scis
355 3148 510 3225 simulare;
534 3149 691 3227 quidhoc,
714 3151 738 3211 si
761 3149 861 3210 fractis
883 3158 983 3210 enatat
1004 3166 1109 3227 exspes

267 3234 404 3307 Navibus
428 3252 497 3296 aere
519 3233 586 3294 dato
610 3234 660 3311 qui
684 3231 839 3313 pingitur?
883 3234 1031 3313 Amphora
1054 3232 1152 3312 coepit

269 3319 401 3394 Institui3
424 3328 565 3380 currente
586 3326 651 3378 rota
674 3336 728 3379 cur
749 3336 857 3379 urceus
880 3316 960 3379 exit?
1072 3365 1076 3372 .

269 3520 341 3573 A.P.
360 3537 384 3572 v.
404 3522 469 3586 2eq.
487 3519 601 3588 plumas,
625 3517 738 3585 undique
765 3518 874 3571 conlatis
897 3518 1017 3570 membris
1038 3522 1067 3569 nt
1091 3518 1126 3568 al.
1152 3513 1157 3584 Ι
1185 3517 1253 3580 Ssq.

184 3593 265 3639 atram
288 3588 387 3640 desinat
410 3589 436 3641 in
461 3588 560 3654 pistrim
578 3588 600 3638 I.
617 3587 650 3640 F.
671 3586 821 3638 Gronomna
844 3588 911 3638 obes.
934 3587 944 3638 1
961 3602 985 3638 υ.
1003 3584 1081 3636 xviii
1096 3601 1125 3650 p.
1145 3585 1192 3637 113
1211 3583 1250 3634 ed.

183 3656 269 3707 Plutn.
296 3655 301 3724 Ι
326 3656 416 3724 pristin
440 3658 490 3723 (a),
515 3655 614 3723 pristim
637 3670 692 3706 non
715 3659 787 3706 reete
806 3655 940 3707 &anceio
958 3656 975 3706 1.
993 3654 1019 3718 1.,
1042 3654 1090 3705 sed
1112 3655 1193 3702 etium
1217 3649 1251 3702 N.

182 3724 291 3774 Heinsio
315 3727 344 3775 in
369 3726 469 3776 codicia
490 3727 534 3775 ani
555 3726 679 3788 margine
701 3724 797 3774 inbuit
821 3721 939 3842 Beati.)
965 3721 1068 3774 bmissi
1096 3721 1100 3786 Ι
1128 3719 1254 3771 teneatis?

181 3792 273 3857 Amici,
291 3791 394 3849 credite.
409 3791 515 3846 Pisones
527 3793 578 3843 Iar.
591 3790 737 3843 Markland
746 3792 784 3842 ad
795 3791 891 3842 calcem
903 3807 918 3840 e
937 3828 943 3840 .
955 3790 1023 3843 Eur.
1037 3789 1129 3856 Suppl.
1140 3804 1166 3853 p.
1180 3790 1231 3840 254
1243 3792 1247 3850 1

186 3863 198 3909 7
219 3860 321 3928 aegris!
338 3862 369 3915 18
387 3861 482 3914 ssuvius
499 3860 551 3928 122
569 3860 669 3913 institui
688 3863 804 3911 currente
819 3864 886 3951 pota,
904 3873 948 3911 cnr
965 3857 999 3909 al.
