2656 4448
556 216 744 268 sericarum
762 218 780 269 ll
800 221 824 271 4.
842 223 865 271 5.

260 387 401 460 (ibidum,
425 399 535 468 quanto
559 407 658 449 curam
682 401 891 469 sumptumque
914 391 1060 453 minorem

260 472 337 534 Haec
360 473 496 545 habeant,
521 484 601 534 tanto
625 475 803 552 reprehendi
826 477 931 537 iustius
953 477 1019 548 illis,

259 557 340 628 Quae
364 559 421 619 nisi
444 560 581 619 divitibus
606 571 758 637 nequeunt
780 561 955 638 contingere
979 554 1124 624 mensis‘d'
1154 600 1194 608 -

259 643 351 704 diocte
376 644 447 717 Cati,
471 663 525 723 per
547 645 703 704 amicitiam
726 645 866 723 divosque
888 655 1018 724 rogatus,

258 727 374 789 Ducere
396 748 442 789 mc
465 730 605 802 auditum,
629 748 735 809 perges
758 749 956 809 quocumque,
979 744 1141 794 memento.

257 813 330 874 Nam
354 815 484 892 quamvis
507 815 629 874 memori
653 816 762 875 referas
785 817 855 876 mihi
879 827 999 894 pectore
1022 827 1139 897 cuncta,

257 898 323 959 Non
347 908 444 959 tamen
468 900 615 978 interpres
637 900 811 960 tantundem
835 902 951 962 iuveris.
997 904 1077 963 Adde

258 984 375 1044 Vultum
398 984 589 1062 hahitumque
612 985 749 1056 hominis,
773 1004 860 1063 quem
883 998 916 1047 tu
939 987 1043 1048 vidisse
1066 989 1172 1051 beatus

257 1068 322 1129 Non
346 1070 444 1148 magni
467 1069 582 1148 pendis,
606 1070 672 1147 quia
695 1071 832 1149 contigit;
856 1083 884 1132 at
906 1072 976 1131 mihi
999 1091 1070 1133 cura

258 1154 324 1214 Non
349 1155 504 1215 mediocris
527 1154 613 1227 inest,
638 1156 727 1216 sontis
752 1164 783 1215 ut
806 1157 885 1216 adire
909 1166 1038 1218 remotos
1125 1184 1127 1188 ⁸

187 1248 196 1260 '
261 1240 356 1316 Atque
378 1240 497 1299 haurire
521 1258 626 1318 queam
648 1240 722 1301 vitae
745 1251 902 1320 praecepta
925 1234 1043 1303 beatae.²

691 1529 714 1585 V

256 1646 320 1707 Hoc
344 1667 472 1727 quoque,
496 1648 616 1719 Tiresia,
640 1657 757 1725 praeter
782 1657 897 1707 narrata
920 1647 1032 1725 petenti

257 1732 423 1812 Responde
448 1734 557 1812 quihus
578 1733 699 1793 amissas
721 1750 859 1809 reparare
882 1751 988 1833 queam
1012 1751 1059 1794 res

255 1819 375 1879 Artibus
398 1829 486 1898 atquc
510 1818 612 1878 modis
657 1817 735 1888 Ouid
758 1814 855 1878 rides?
896 1811 1011 1877 iamne
1034 1818 1136 1879 doloso

255 1903 321 1963 Non
345 1905 413 1965 satis
437 1915 481 1965 cst
470 1905 628 1964 ttlhacam
652 1902 750 1962 revehi
774 1903 943 1980 patriosque
967 1903 1085 1964 Penatis

255 1981 451 2068 adspicere?
493 1989 517 2048 Ο
543 1990 615 2048 nulli
638 1989 796 2065 quicquam
820 1988 951 2059 mentite,
974 1987 1054 2048 vides
1077 1999 1110 2049 ut

256 2073 357 2133 Nudus
379 2074 525 2152 inopsque
548 2074 668 2133 domum
691 2073 808 2131 redeam
831 2082 859 2133 te
883 2081 955 2143 vate,
979 2092 1077 2151 neque
1101 2075 1160 2136 illic

254 2158 313 2217 dut
334 2159 474 2237 apotheca
499 2159 597 2252 procis
619 2159 728 2217 intacta
751 2167 795 2217 cst
818 2168 867 2218 aut
889 2175 996 2236 pecus;
1019 2159 1100 2236 atqui

255 2241 294 2302 Et
315 2261 410 2321 genus
433 2253 462 2303 et
485 2244 584 2314 virtus,
610 2243 664 2303 nisi
688 2259 754 2301 cum
779 2260 820 2312 re,
845 2243 929 2302 vilior
950 2243 1014 2321 alga
1037 2253 1090 2304 est

250 2319 390 2397 ‘Quando
414 2329 586 2424 pauperiem
610 2327 704 2388 missis
727 2327 899 2406 amhagibus
922 2327 1035 2401 hor,res

255 2413 363 2492 decipe
386 2434 442 2493 qua
466 2414 580 2474 ratione
603 2432 692 2490 queas
714 2413 870 2473 ditescere:
897 2412 1001 2473 turdus

255 2498 321 2558 Sive
344 2500 420 2560 aliud
444 2501 559 2580 privum
582 2499 700 2559 dabitur
722 2497 784 2571 tibi,
808 2498 923 2558 devolet
912 2498 1023 2571 tilluc‚

255 2583 311 2644 Res
333 2585 384 2644 ubi
407 2604 513 2664 magna
537 2585 610 2644 nitet
631 2584 751 2644 domino
775 2602 864 2657 scne;
888 2584 982 2643 dulcia
1006 2601 1093 2661 poma

255 2667 290 2727 Et
313 2689 516 2748 quoscumque
539 2671 615 2729 seret
637 2670 733 2729 cultus
755 2668 808 2728 tibi
832 2670 941 2728 fundus
963 2669 1094 2729 honores

253 2756 329 2813 Ante
352 2756 455 2816 Larem
478 2765 576 2834 gustet
597 2753 793 2814 venerabilior
815 2753 890 2813 Lare
913 2753 1007 2825 dives;

255 2837 312 2908 Qui
335 2842 465 2917 quamvis
488 2841 625 2919 periurus
647 2839 712 2911 erit,
735 2838 801 2899 siue
823 2848 920 2916 geute,
944 2848 1087 2900 cruentus

254 2923 405 3001 Sanguine
428 2928 570 2998 fraterno,
594 2924 743 3002 fugitivus,
769 2943 807 2984 ne
830 2934 927 2984 tamen
952 2923 992 2983 illi

253 3008 297 3068 Tu
320 3030 420 3072 comes
442 3013 579 3082 exterior
603 3011 627 3070 si
651 3009 821 3087 postulets
814 3029 857 3069 ire
880 3027 1009 3070 recuses

254 3093 329 3154 Utne
353 3107 449 3191 tegam
472 3116 580 3176 spurco
603 3096 711 3154 Damae
734 3092 831 3154 latus?
855 3094 929 3154 haud
953 3094 992 3153 ita
1016 3093 1122 3154 Troiae

252 3178 297 3238 Me
321 3182 407 3257 gessi,
432 3193 546 3242 certans
569 3199 686 3259 semper
708 3178 889 3240 melioimibus
930 3172 1023 3258 Ergo

254 3262 369 3342 Pauper
391 3257 465 3326 eris?
506 3266 624 3327 Fortem
648 3266 704 3326 hoc
727 3266 857 3324 animum
881 3264 1007 3324 tolerare
1030 3262 1140 3325 iubebo

254 3347 290 3406 Et
313 3350 461 3446 quondam
485 3352 595 3412 maiora
617 3349 688 3422 tuli;
711 3359 742 3410 tu
765 3349 909 3428 protinus,
934 3348 1013 3409 uude

252 3433 370 3495 Divitias
392 3435 526 3514 aerisque
549 3452 640 3506 ruam,
664 3436 711 3495 dic
733 3453 836 3512 augur,
861 3452 989 3494 acervos.

166 3583 368 3594 *Q

253 3702 273 3748 V
295 3720 319 3754 v.
345 3704 472 3756 ‘lintacta
491 3703 524 3754 sit
543 3706 576 3754 ei.
594 3703 634 3754 Mc
661 3705 665 3770 1
690 3705 720 3755 21
750 3705 809 3756 tulit
836 3705 875 3754 ed.
896 3705 1093 3767 Wtedergenrir
1119 3719 1143 3752 o.
1174 3701 1240 3754 1598

164 3771 372 3837 (Pr-cedi'cooiur,
400 3775 447 3836 qui
473 3773 567 3822 maiora
587 3773 652 3825 tulit.
681 3774 713 3823 At
731 3779 852 3838 protenus
875 3793 880 3830 ;
909 3770 1051 3822 Horketius
1076 3771 1151 3820 anal.
1177 3770 1240 3819 Hor.

163 3852 188 3900 p.
219 3841 327 3905 ttosq.)
359 3841 363 3904 Ι
394 3842 426 3891 22
452 3838 533 3907 ruam]
553 3866 586 3884 =
604 3842 698 3891 Haurit
725 3842 760 3891 ad
785 3840 882 3903 Reisig.
910 3839 971 3890 ado.
1001 3839 1064 3891 319:
1091 3852 1178 3889 eruam
1205 3841 1242 3902 (o)

165 3913 258 3957 struam
279 3909 315 3961 lo.
335 3910 470 3961 Schrader
488 3912 586 3959 observ.
603 3925 629 3973 p.
649 3912 681 3960 tt
694 3926 750 3974 sqq.
