2656 4448
475 281 478 285 .
505 229 736 284 EPISTULARUM
754 232 763 284 l
782 235 806 285 2.
1133 235 1191 293 187

203 403 257 466 cm
279 403 436 482 pulchrum
459 403 516 463 iuit
538 404 568 463 in
593 404 706 465 medios
727 404 857 465 dormire
880 405 941 466 dies
964 415 994 465 et
1164 420 1193 470 55

202 488 246 549 dd
270 489 424 566 strepitum
448 488 576 549 citharae
600 499 746 550 cessatum
769 491 877 551 ducere
900 509 1048 551 somnum.
1073 527 1114 538 —

202 574 241 635 Ut
262 573 398 653 iugulent
419 574 580 648 bominem,
603 583 731 652 surgunt
753 575 789 634 de
812 585 900 636 nocte
923 576 1062 650 latrones,

201 658 242 720 Ut
262 667 291 720 te
312 659 408 737 ipsum
431 677 538 730 serres,
562 678 622 719 non
647 657 881 737 expergisceris?
905 661 985 739 atqui

202 743 233 804 Si
257 744 341 804 noles
362 761 461 815 sanus,
484 762 586 805 curres
608 744 798 824 hydropicus,
823 753 851 805 et
874 745 906 806 ni

202 828 310 890 Posces
334 837 402 889 ante
425 829 503 888 diem
524 827 632 889 librum
656 848 724 890 cum
747 830 869 903 lumine,
893 831 917 891 si
941 850 1000 893 non
1161 845 1191 896 55

200 913 342 975 intendes
365 914 494 974 animum
518 914 621 975 studiis
644 924 674 975 et
695 915 785 975 rebus
808 916 949 988 honestis,

200 999 311 1060 Invidia
334 999 378 1058 vel
401 1017 501 1059 amore
524 999 592 1077 vigil
614 1001 804 1078 torquebere.
848 1000 920 1060 Nam
944 1019 1006 1074 our,

200 1083 282 1155 Quae
304 1085 425 1161 laedunt
448 1084 576 1157 oculum,
599 1085 720 1146 festinas
743 1084 871 1157 demere,
893 1086 988 1164 siquid

199 1168 254 1230 Est
274 1170 416 1241 animum,
439 1169 539 1229 differs
562 1170 685 1229 curandi
707 1178 824 1249 tempus
847 1170 877 1230 in
901 1170 1038 1232 annum?

200 1254 358 1315 Dimidium
381 1254 449 1314 sacti
472 1255 522 1331 qni
545 1255 644 1332 coepit
666 1254 769 1328 habet;
792 1273 897 1334 sapere
920 1258 1004 1331 aude,
1159 1269 1189 1319 15

199 1337 310 1419 Incipe.
354 1339 476 1399 Vivendi
500 1340 550 1418 qni
573 1351 654 1399 recte
677 1349 817 1416 prorogat
839 1341 953 1419 horam,

198 1423 338 1486 Rusticus
361 1434 518 1503 exspectat,
542 1425 611 1485 dum
635 1424 743 1484 defluat
765 1426 876 1501 amnis;
899 1435 928 1486 at
950 1427 998 1487 iile

198 1508 321 1570 Labitur
344 1518 373 1570 et
393 1509 510 1570 labetur
532 1509 561 1569 in
586 1528 675 1569 omne
696 1508 832 1569 volubilis
855 1529 968 1570 aevum.
992 1547 1033 1558 -

198 1592 358 1664 Quaeritur
380 1602 536 1672 argentum
558 1594 718 1673 puerisque
740 1593 825 1654 beata
848 1595 983 1656 creandis

198 1678 278 1740 Uxor
300 1689 329 1740 et
350 1680 478 1740 incultae
502 1688 645 1758 pacantur
667 1697 784 1739 vomere
807 1679 911 1753 silvae3
1158 1692 1187 1742 15

198 1762 284 1834 Quod
306 1766 377 1826 satis
398 1774 443 1825 est
465 1765 512 1825 cui
535 1764 691 1842 contingit,
715 1763 788 1824 nihil
810 1765 935 1843 amplius
958 1774 1049 1843 optet.

196 1847 263 1911 Non
287 1850 391 1910 domus
413 1858 442 1910 et
463 1850 583 1923 fundus,
607 1868 667 1909 non
692 1849 768 1910 aeris
790 1866 911 1910 acervus
934 1859 963 1909 et
984 1851 1048 1910 auri

196 1933 326 2014 Aegroto
349 1935 461 1996 domini
484 1935 603 1995 deduxit
626 1953 752 2013 corpore
774 1934 875 2009 febris,

196 2019 262 2080 Non
285 2021 384 2080 animo
408 2038 510 2093 curas3
532 2021 625 2081 valeat
648 2038 801 2098 possessor
823 2028 949 2099 oportet,

197 2105 227 2165 Si
249 2106 441 2185 comportatis
463 2106 553 2167 rebus
575 2106 652 2166 bene
675 2106 785 2183 cogitat
807 2105 860 2165 uti.
1157 2115 1186 2165 55

196 2189 253 2259 Qui
276 2190 357 2270 cupit
380 2201 430 2252 aut
451 2191 565 2265 metuit
588 2192 666 2251 iuvat
688 2191 770 2251 illum
792 2190 835 2252 sic
857 2191 961 2253 domus
984 2200 1013 2250 et
1035 2210 1093 2263 res,

196 2273 235 2336 Ut
256 2275 370 2355 lippum
392 2277 488 2354 pictae
510 2276 634 2348 tabulae,
658 2277 788 2336 fomenta
812 2277 981 2355 podagram,

196 2360 350 2422 auriculas
373 2361 500 2420 citharae
523 2361 645 2422 collecta
668 2363 755 2420 sorde
778 2360 914 2422 dolentis.

196 2444 352 2506 Sincerum
376 2456 420 2506 est
443 2444 498 2504 nisi
522 2463 578 2516 vas,
603 2445 810 2523 quodcumque
832 2444 966 2505 infundis
988 2443 1111 2518 acescit;

194 2528 309 2609 Sperne
332 2530 510 2608 voluptates:
534 2540 622 2590 nocet
644 2537 741 2608 empta
764 2528 865 2588 dolore
887 2528 1036 2606 voluptas;
1156 2539 1185 2588 55

195 2615 318 2695 Semper
340 2633 442 2675 avarus
467 2624 548 2693 eget:
572 2623 685 2674 certum
708 2622 775 2673 voto
798 2622 865 2690 pete
888 2615 993 2688 finem;

195 2700 314 2763 invidus
336 2700 456 2762 alterius
478 2699 634 2760 macrescit
656 2697 744 2759 rebus
768 2697 882 2777 opimis,

195 2785 304 2846 Invidia
328 2786 418 2847 Siculi
441 2804 502 2846 non
525 2785 666 2845 invenere
688 2782 806 2863 tyranni

195 2870 287 2933 Maius
309 2878 501 2931 tormentum.
546 2869 604 2941 uni
627 2888 687 2929 non
711 2867 912 2929 moderabitur
934 2867 1003 2940 irae,

194 2955 338 3017 infectum
362 2956 440 3016 volet
462 2974 525 3017 esse
547 2956 632 3016 dolor
654 2954 732 3033 quod
756 2952 881 3014 suaserit
903 2960 933 3013 et
955 2970 1049 3024 mens,
1155 2963 1185 3012 oo

196 3041 271 3100 Dum
293 3059 404 3120 poenas
428 3041 495 3102 odio
519 3059 572 3119 per
595 3040 651 3100 vim
673 3039 792 3100 festinat
815 3038 921 3098 inulto.

195 3126 239 3184 lra
262 3127 346 3186 furor
368 3126 465 3187 brevis
488 3135 546 3201 est;
570 3126 700 3185 animum
724 3142 803 3203 rege,
827 3123 877 3201 qni
901 3121 957 3183 nisi
980 3132 1072 3200 paret,

194 3209 336 3288 Imperat;
359 3211 440 3272 bunc
463 3211 563 3285 irenis,
586 3212 667 3271 hunc
689 3219 721 3269 tu
744 3226 899 3287 compesce
921 3215 1033 3268 catena.
1056 3241 1098 3250 -

193 3294 293 3373 Fingit
315 3315 423 3375 equum
446 3306 549 3357 tenera
573 3295 697 3356 docilem
720 3296 833 3355 cervice
857 3293 995 3372 magister

194 3496 214 3546 ll
232 3512 255 3547 c.
274 3497 304 3548 31
319 3500 444 3546 cessatum
458 3495 549 3547 ducere
562 3499 689 3560 somnum]
702 3497 738 3546 Bo
750 3498 800 3560 (vtz
819 3499 946 3547 cessatum
959 3494 1051 3545 ducere
1064 3508 1148 3545 curam
1168 3510 1183 3543 v

110 3568 251 3617 cessantem
275 3563 367 3616 ducere
386 3562 507 3616 Somnum
526 3565 612 3615 Beati.
640 3566 644 3629 Ι
671 3567 703 3616 32
722 3565 839 3616 homines
865 3565 869 3626 Ι
896 3565 927 3614 33
952 3569 1029 3628 atque
1049 3564 1091 3625 (=
1108 3561 1179 3625 But

110 3635 143 3685 34
161 3632 228 3683 notis
246 3633 282 3696 (c)
296 3631 302 3698 Ι
317 3647 390 3683 cures
408 3633 442 3697 (v)
458 3633 510 3694 138
529 3632 617 3684 oculos
633 3633 637 3696 Ι
659 3632 751 3698 siquod
769 3633 804 3695 (o)
825 3632 829 3696 Ι
851 3634 882 3683 41
903 3631 945 3697 qui
966 3635 1033 3680 recte
1051 3628 1155 3680 uiuendi
1176 3625 1180 3694 1

110 3703 141 3754 48
161 3700 257 3751 febrem
275 3703 311 3764 (υ)
327 3702 330 3766 Ι
347 3701 379 3752 52
392 3704 505 3751 tomenta
518 3700 692 3760 dochianum
711 3700 743 3749 M
752 3701 841 3764 (1874;
859 3699 928 3749 stud.
942 3699 1007 3748 Hor.
1020 3696 1077 3748 ntdl.
1093 3697 1136 3748 Gr.
1150 3696 1182 3748 a.

110 3768 138 3820 {ll
157 3770 270 3834 ibsscq.);
293 3771 320 3820 Ρ.
339 3768 465 3819 Albrccbt
481 3767 573 3833 philol.
593 3767 864 3832 Uctersucbccgcnl
885 3769 899 3817 1
918 3767 1077 3834 (Hcmbcrgi
1098 3767 1184 3829 1888),

110 3853 132 3903 p.
154 3839 181 3890 11
197 3854 267 3902 sqq.;
289 3837 402 3888 lomenta
420 3836 488 3888 dicad.
508 3836 610 3886 Honora
629 3836 661 3885 de
678 3836 742 3888 Hor.
760 3852 800 3901 ap.
818 3835 828 3885 l
846 3838 861 3888 3
879 3834 1038 3897 (Zdlticbcv.
1062 3851 1086 3885 a.
1107 3835 1184 3897 1858)

110 3921 134 3971 p.
153 3907 169 3956 9
185 3907 188 3970 Ι
204 3904 345 3971 podagrum
363 3906 398 3969 (o)
416 3905 500 3955 denti.
516 3908 520 3968 Ι
537 3907 569 3956 59
588 3904 649 3955 iram
668 3905 702 3966 (o)
718 3904 721 3967 Ι
738 3905 769 3955 63
788 3904 885 3954 catenis
903 3905 939 3967 (u)
