2656 4448
499 216 729 270 EPISTULARUM
747 216 808 271 112.

203 388 348 467 Eripuere
370 391 461 464 iocos,
484 391 638 463 Venerem,
662 390 804 460 convivia,
828 389 939 464 ludum,

204 474 345 535 Tendunt
367 485 543 554 extorquere
565 485 716 556 poemata3
740 475 809 553 quid
832 475 936 535 faciam
959 474 1023 536 vis?

203 558 339 637 Denique
362 580 422 621 non
447 580 550 622 omnes
573 562 672 622 eadem
695 560 842 620 mirantur
864 570 1037 640 amantque:

204 643 340 706 Carmine
362 654 395 706 tu
417 647 536 724 gaudes,
559 645 607 706 hic
629 646 791 706 delectatur
813 646 925 717 iambis,

203 727 255 789 Ille
278 729 397 792 Bioneis
420 729 609 792 sermonibus
632 739 661 791 et
683 731 743 792 sale
766 731 861 811 nigro.
1164 741 1194 792 dc

203 813 277 874 Tres
299 816 371 875 mihi
394 816 532 876 convivae
554 835 649 895 prope
671 816 828 877 dissentire
850 816 998 889 videntur,

204 898 365 962 Posceutos
387 901 467 961 vario
490 901 616 962 multum
638 901 752 962 diversa
774 902 883 980 palato;

205 982 281 1053 Quid
305 983 394 1046 dem?
418 986 488 1064 quid
512 1006 573 1047 non
597 983 688 1046 dem‘l
711 987 813 1048 renuis
835 987 915 1065 quod
938 995 985 1060 tu,
1016 986 1098 1047 iubet
1120 986 1195 1048 alter

205 1067 290 1138 Quod
314 1071 398 1149 petis,
422 1071 450 1131 id
473 1090 544 1132 sane
567 1081 612 1132 est
634 1072 760 1133 invisum
783 1072 958 1149 acidumque
981 1072 1107 1133 duobus.
1130 1105 1170 1115 -

203 1154 326 1215 Praeter
348 1165 445 1216 cetera
467 1175 514 1217 me
537 1156 687 1217 Romaene
710 1165 845 1236 poemata
867 1175 972 1218 censes
1165 1166 1194 1215 65

205 1238 343 1301 Scribere
365 1260 453 1320 posse
475 1242 554 1302 inter
576 1250 727 1303 totcuras
749 1251 852 1320 totque
875 1241 1012 1303 labores?

205 1322 260 1384 llic
282 1344 425 1404 sponsum
448 1335 542 1398 vocat,
566 1327 614 1386 hic
636 1327 767 1386 auditum
791 1329 901 1405 scripta
924 1327 1035 1388 relictis

206 1407 352 1472 Omnibus
374 1411 494 1485 officiis3
518 1410 607 1472 cubat
628 1411 674 1471 hic
697 1412 727 1471 in
752 1410 826 1472 colle
849 1411 977 1484 Quirini,

205 1492 260 1553 llic
283 1505 414 1556 extremo
439 1497 467 1555 in
491 1495 646 1568 Aventino,
671 1496 808 1557 visendus
831 1507 966 1575 uterque,

205 1576 359 1640 Intervalla
382 1582 462 1641 vides
484 1583 612 1642 humane
636 1583 799 1641 commoda.
837 1575 959 1642 ‘Verum
1166 1590 1194 1640 το

206 1663 302 1725 Purae
324 1674 395 1726 sunt
416 1665 539 1744 plateae,
563 1666 636 1726 nibil
659 1676 692 1726 ut
713 1666 924 1727 meditantibus
947 1659 1063 1727 obstet?

206 1747 339 1810 Festinat
361 1750 471 1812 calidus
493 1750 580 1811 mulis
603 1752 773 1829 gerulisque
795 1751 974 1830 redemptor,

206 1834 341 1912 Torquet
363 1854 445 1897 nuno
467 1836 603 1915 lapidem,
627 1856 708 1897 nuno
731 1837 838 1915 ingens
860 1836 995 1896 machina
1017 1834 1143 1915 tignum,

207 1919 312 1980 Tristia
335 1920 466 1982 robustis
489 1922 640 1983 luctantur
662 1924 765 1982 funera
789 1921 937 2000 plaustris

207 2005 268 2066 Hac
291 2005 406 2067 rabiosa
429 2007 504 2087 sugit
527 2007 618 2079 oanis,
641 2008 696 2067 hae
719 2007 862 2068 lutulenta
885 2007 946 2067 ruit
967 2025 1033 2068 sus:
1167 2013 1195 2062 75

206 2091 219 2150 l
243 2109 325 2152 nunc
347 2102 377 2152 et
398 2111 501 2154 versus
522 2104 622 2154 tecum
644 2092 787 2154 meditare
811 2111 947 2154 canoros.

207 2175 392 2254 Scriptorum
416 2179 526 2239 chorus
549 2179 646 2240 omnis
668 2188 745 2239 amat
767 2197 873 2239 nemus
896 2188 926 2239 et
947 2177 1024 2256 lugit
1047 2175 1144 2246 urbes,

208 2261 274 2322 Rite
298 2261 390 2322 cliens
411 2263 520 2323 Bacchi
542 2282 648 2324 somno
671 2265 826 2343 gaudentis
848 2273 879 2324 et
899 2263 1019 2336 umbra3

208 2347 253 2406 'Fu
275 2364 323 2406 me
345 2347 423 2406 inter
444 2347 587 2426 strepitus
610 2359 775 2409 nocturnos
797 2358 885 2426 atque
908 2348 1031 2408 diurnos

208 2431 257 2491 Vis
281 2448 387 2490 canere
410 2440 439 2489 et
461 2441 613 2491 contracta
636 2433 719 2510 sequi
741 2432 862 2508 vestigia
884 2429 1003 2491 vatum?
1166 2438 1195 2489 80

208 2515 375 2594 ingenium,
398 2513 454 2575 sihi
478 2516 557 2593 quod
579 2534 686 2576 vacuas
708 2516 870 2594 desumpsit
893 2515 1022 2576 Athenas

209 2599 247 2660 Et
268 2599 371 2661 studiis
394 2618 490 2661 annos
512 2611 626 2679 septem
648 2601 728 2661 dedit
750 2600 941 2678 insenuitque

210 2684 306 2746 Libris
329 2694 359 2745 et
380 2685 469 2759 curis,
493 2695 585 2747 statua
608 2685 786 2746 taciturnius
808 2686 867 2745 exit

209 2770 387 2848 Plerumque
410 2779 439 2831 et
460 2770 521 2831 risu
544 2770 688 2850 populum
712 2772 819 2849 quatit;
841 2771 890 2831 hic
912 2789 967 2848 ego
991 2787 1089 2830 rerum

210 2854 363 2916 Fluctibus
385 2855 414 2915 in
439 2856 543 2917 mediis
564 2866 594 2916 et
615 2856 840 2935 tempestatibus
862 2854 944 2916 urbis
1167 2861 1195 2913 85

210 2940 305 3001 Verba
328 2941 406 3020 lyrae
430 2949 546 3003 motura
568 2959 675 3002 sonum
698 2950 855 3002 conectere
878 2935 1005 3020 digner?

209 3024 312 3086 Frater
334 3034 397 3085 erat
419 3026 528 3087 Romae
551 3027 679 3088 consulti
702 3027 813 3099 rhetor,
836 3034 869 3086 ut
889 3025 964 3086 alter

209 3109 336 3172 Alterius
357 3129 497 3172 sermone
519 3130 618 3174 meros
640 3112 755 3172 audiret
776 3111 916 3183 honores,

214 3195 364 3257 Gracchus
386 3204 420 3257 ut
441 3197 488 3257 hio
510 3197 561 3272 illi,
584 3199 661 3258 foret
682 3197 752 3257 huic
773 3207 807 3258 ut
829 3196 943 3257 Mucius
965 3194 1022 3254 ille.

211 3279 269 3350 Qui
290 3281 389 3342 minus
412 3291 533 3358 argutos
554 3292 643 3343 vexat.
660 3283 744 3342 furor
765 3282 820 3343 iste
841 3278 965 3361 poetas?
1168 3287 1197 3337 90

211 3364 347 3426 Carmina
370 3386 529 3446 compono,
551 3368 599 3428 hio
622 3368 730 3446 elegos.
774 3366 907 3428 Mirabile
929 3366 992 3427 visu

213 3449 421 3531 Caelatumque
444 3470 549 3512 novem
572 3452 663 3515 Musis
685 3453 774 3533 opusl
820 3452 946 3532 Adspice
968 3452 1107 3530 primum,

193 3703 212 3754 ll
229 3719 254 3758 v.
273 3707 304 3757 57
318 3720 356 3770 aq.
374 3704 415 3754 vis
433 3702 561 3771 denique?
579 3706 637 3756 H·P
651 3720 745 3757 nonem.
763 3722 790 3757 n.
807 3721 827 3756 s.
847 3707 888 3768 14,
906 3705 955 3755 312
980 3704 983 3765 Ι
1010 3703 1043 3754 63
1062 3708 1089 3753 tu
1108 3703 1176 3769 quod

127 3773 158 3824 71
178 3770 290 3892 plnres}
302 3775 333 3823 ’Π
352 3772 460 3828 urbemi
478 3773 509 3824 80
528 3776 645 3824 contacta
664 3788 745 3824 onon
757 3776 824 3825 tacta
836 3772 923 3824 Bentl.
940 3771 944 3836 Ι
961 3772 992 3824 82
1005 3771 1119 3821 insonuit
1128 3772 1188 3836 [que

125 3854 151 3890 a.
169 3840 186 3891 l.
205 3855 249 3906 ap.
288 3841 364 3906 orph.
380 3843 385 3904 Ι
401 3844 432 3894 83
451 3840 518 3893 Curii
537 3844 619 3892 statua
639 3857 664 3894 c.
683 3841 699 3891 l.
720 3857 762 3906 cp.
780 3842 887 3906 Porph,
912 3842 946 3906 (v)
961 3837 967 3909 Ι
982 3841 1014 3892 89
1032 3839 1092 3890 huic
1104 3875 1111 3890 .
1125 3877 1130 3889 .
1144 3839 1197 3905 ille]

126 3906 166 3959 od.
185 3907 338 3960 Britannici
356 3908 421 3961 Van.
440 3926 464 3963 a.
486 3911 558 3973 1516,
577 3909 735 3960 Lambinus:
754 3909 796 3960 hie
812 3908 850 3959 illi
