2656 4448
602 209 793 262 SATlRARUM
810 211 820 263 l
840 216 862 264 1.

277 383 419 445 Sordidus
441 402 475 444 ac
496 383 585 457 dives,
608 383 709 463 populi
732 394 926 444 contemnere
948 402 1035 446 voces

277 469 324 530 Sic
346 469 464 530 solitus:
485 461 628 547 ‘populus
649 487 696 527 me
719 467 824 541 sibilat,
847 476 876 528 at
898 469 969 529 mihi
991 469 1098 547 plaudo

275 553 341 632 lpse
364 554 453 627 domi,
477 554 619 614 simulac
643 571 780 613 nummos
803 554 988 632 contemplor
1009 555 1040 615 in
1064 550 1151 617 arca?

276 638 417 699 Tantalus
438 658 454 698 a
477 638 567 700 labris
588 639 691 699 sitiens
713 638 854 715 fugientia
877 647 975 720 captat

278 723 422 785 Flumina.
468 723 545 794 Quid
568 721 669 784 rides?
692 731 804 783 mutato
827 725 948 785 nomine
971 724 1007 784 de
1029 733 1058 785 te

277 808 385 870 Fabula
410 819 559 869 narratur:
583 809 732 887 congestis
753 809 885 886 undique
907 808 1000 871 saccis

277 894 425 955 lndormis
447 894 564 954 inhians
588 905 617 953 et
639 904 786 972 tamquam
809 912 931 972 parcere
954 894 1045 956 sacris

277 980 397 1057 Cogeris
420 987 470 1039 aut
492 979 579 1058 pictis
601 988 748 1056 tamquam
773 979 901 1056 gaudere
923 978 1046 1041 tabellis.

277 1065 379 1126 Nescis
402 1083 461 1142 quo
483 1065 576 1124 valeat
599 1061 760 1124 nummus?
783 1081 870 1140 quem
894 1065 1033 1143 praebeat
1054 1063 1164 1127 usum?

277 1150 365 1210 Panis
388 1160 511 1222 ematur,
535 1149 629 1220 holus,
654 1149 711 1209 vini
734 1149 887 1220 sextarius,
909 1150 983 1210 adde

279 1234 351 1305 Quis
373 1236 500 1295 humana
524 1235 579 1296 sibi
603 1234 700 1295 doleat
723 1243 827 1294 natura
851 1235 973 1311 negatis.

278 1323 323 1379 An
347 1320 465 1398 vigilare
489 1329 568 1380 metu
592 1321 765 1392 exanimem,
790 1328 951 1397 noctesque
974 1319 1095 1397 diesque

279 1404 450 1466 Formidare
472 1405 566 1466 malos
589 1406 679 1478 lures,
704 1405 849 1476 incendia,
872 1423 981 1477 servos

278 1490 322 1551 Ne
343 1498 373 1551 te
396 1491 559 1569 compilent
581 1492 738 1568 fugientes
761 1490 818 1549 hoc
840 1488 940 1550 iuvat‘l
963 1491 1068 1550 horum

280 1576 402 1654 Semper
425 1595 479 1653 ego
503 1576 628 1653 optarim
652 1575 859 1654 pauperrimus
881 1594 945 1636 esse
966 1575 1126 1635 bonorum.

279 1664 316 1720 nt
338 1661 362 1721 si
385 1660 539 1721 condoluit
560 1669 734 1738 temptatum
758 1660 869 1736 frigore
891 1678 1001 1738 corpus

279 1749 337 1805 Aut
359 1745 433 1806 alius
456 1764 541 1806 casus
564 1746 640 1805 lecto
663 1756 692 1804 te
715 1745 833 1816 addixit,
856 1744 947 1804 habes
970 1745 1020 1824 qui

279 1830 425 1901 Adsideat,
450 1832 579 1891 lumenta
601 1838 694 1909 paret,
717 1829 863 1890 medicum
886 1839 980 1908 roget,
1003 1838 1037 1890 ut
1058 1838 1100 1890 te.

280 1915 408 1976 Suscitet
431 1934 464 1975 ac
487 1916 588 1975 reddat
610 1915 706 1993 gnatis
729 1915 862 1992 carisque
884 1912 1083 1993 propinquis?

279 2001 345 2060 Non
368 2019 445 2061 uxor
467 2000 575 2060 salvum
600 2010 628 2059 te
650 2001 719 2068 volt,
743 2019 803 2059 non
828 2000 913 2072 lilius,
938 2019 1040 2061 omues

281 2085 375 2144 Vicini
399 2087 535 2156 oderunt,
560 2084 632 2157 noti,
655 2086 739 2163 pueri
762 2093 849 2162 atque
873 2084 1002 2163 puellae:

281 2170 404 2241 Miraris,
427 2188 493 2229 cum
516 2180 547 2229 tu
571 2179 693 2248 argento
716 2179 783 2249 post
806 2170 904 2230 omnia
927 2188 1031 2248 ponas,

280 2256 311 2315 Si
335 2273 422 2314 nemo
446 2264 583 2333 praestet,
607 2272 695 2331 quem
719 2274 780 2315 non
805 2255 954 2326 merearis,
978 2252 1131 2315 amorem‘.l

276 2334 327 2400 ‘At
348 2341 372 2400 si
395 2349 548 2417 cognatos,
573 2340 654 2399 nullo
678 2348 782 2401 natura
805 2339 906 2399 labore

279 2426 360 2495 Quos
382 2426 435 2485 tibi
458 2425 515 2498 dat,
538 2425 667 2485 retinere
689 2426 761 2486 velis
784 2443 959 2501 servareque
982 2423 1101 2497 amicos,

280 2510 385 2570 Infelix
408 2530 529 2590 operam
552 2511 668 2589 perdas,
691 2520 725 2570 ut
746 2511 838 2587 siquis
860 2510 980 2570 asellum

279 2596 313 2656 ln
338 2615 443 2675 campo
466 2597 569 2657 doceat
591 2605 746 2674 parentem
769 2613 890 2655 currere
913 2588 1024 2653 irenis?

281 2681 415 2759 Denique
438 2682 476 2742 sit
498 2683 565 2741 finis
588 2681 760 2759 quaerendi,
784 2698 911 2757 cumque
933 2677 1041 2738 habeas
1064 2678 1141 2758 plus,

280 2766 454 2844 Pauperiem
477 2777 590 2826 metuas
612 2767 711 2826 minus
734 2776 763 2825 et
786 2766 872 2825 linire
894 2763 1026 2825 laborem

279 2851 416 2929 Incipias,
439 2861 523 2930 parto
547 2851 626 2929 quod
649 2851 763 2922 archas,
787 2869 824 2909 ue
847 2850 936 2909 lacias
959 2849 1037 2926 quod

281 2935 443 2997 Ummidius
465 2937 582 3014 quidam
607 2970 620 2980 -
645 2956 705 2995 non
729 2937 817 3013 longa
841 2944 885 2995 est
907 2934 1003 2994 labula
1027 2954 1056 2992 ·:
1081 2933 1171 3007 dives,
1217 2957 1220 2963 ·

281 3022 318 3082 Ut
340 3022 494 3081 metiretur
517 3039 664 3094 nummos,
688 3021 726 3080 ita
749 3020 895 3091 sordidus,
918 3029 951 3079 ut
972 3039 1003 3080 se

280 3107 345 3166 Non
369 3123 510 3183 umquam
534 3125 619 3167 servo
643 3107 747 3167 melius
770 3106 896 3178 vestiret,
920 3106 954 3164 ad
978 3121 1071 3181 usquc

281 3192 462 3268 supremum
485 3202 611 3270 tempus,
636 3212 673 3252 no
696 3211 728 3252 se
751 3190 876 3269 penuria
898 3191 992 3249 victus

282 3274 480 3353 Opprimeret,
505 3276 669 3350 metuebat;
693 3286 722 3337 at
745 3277 825 3336 hunc
848 3274 953 3334 liberta
976 3273 1070 3335 securi

232 3411 353 3418 ...ἡ
378 3412 398 3416 -.-.

280 3476 289 3526 l
308 3493 331 3526 u.
350 3479 382 3530 79
403 3482 516 3542 optarem
532 3477 536 3544 Ι
553 3479 582 3529 81
605 3477 667 3541 ad(s.
680 3474 772 3540 adfixit
791 3477 894 3540 (υ)183
916 3476 999 3540 gnatis
1017 3477 1052 3536 (et
1064 3473 1141 3535 natis)
1159 3467 1272 3536 reddatl

197 3547 299 3596 88-91
320 3562 403 3595 auaro
422 3548 578 3597 tribuendos
596 3563 649 3596 ease
666 3546 729 3595 inde
748 3547 780 3594 ab
800 3562 823 3594 α.
839 3547 903 3596 1851
917 3547 946 3592 ira
963 3544 1060 3593 sodalis
1079 3546 1134 3591 lum
1147 3541 1271 3591 Berola'm'

198 3616 299 3664 dabitis
317 3617 446 3678 exposui5
462 3616 532 3665 idem
546 3616 631 3680 poulo
646 3620 710 3679 poet
726 3617 756 3662 in
774 3614 836 3664 disc.
855 3614 969 3677 quodam
985 3611 1151 3661 Berclinensc'
1162 3606 1271 3668 frustra

195 3698 269 3732 nunc
287 3699 302 3730 u
321 3698 362 3731 me
381 3687 502 3747 quaesito
526 3687 597 3732 inter
623 3685 767 3733 sententiaa
794 3686 978 3732 controversae
1002 3680 1120 3744 proponi
1145 3680 1273 3739 meminia

195 3767 218 3800 v.
239 3753 315 3814 8834.
334 3753 411 3814 cigno
430 3779 464 3787 -
482 3755 510 3800 io
529 3751 582 3811 fine
599 3767 623 3803 o.
645 3753 676 3804 89
693 3753 780 3815 posito
800 3752 884 3800 eidem
902 3765 984 3798 avaro
997 3748 1148 3812 assignavit
1159 3746 1190 3795 11.
1205 3743 1273 3795 Keolc

197 3823 249 3868 act.
266 3834 358 3885 gymn.
370 3835 394 3869 α.
410 3819 475 3870 1856
490 3835 517 3883 p.
532 3821 624 3883 ddth.
642 3822 645 3881 1
662 3822 693 3871 88
707 3821 742 3881 al]
756 3835 786 3869 o:
800 3834 830 3869 an
841 3835 856 3868 u
868 3832 897 3868 ac
909 3818 944 3881 (u)
960 3818 964 3881 l
981 3819 1056 3880 89cq.
1068 3814 1164 3865 amicos
1174 3813 1275 3879 infelix,

196 3885 399 3936 Doederleiniue
414 3889 418 3951 Ι
435 3889 465 3938 91
487 3888 582 3938 lrenis‘?
601 3887 634 3938 ol.
651 3887 654 3952 l
671 3889 703 3938 95
723 3887 766 3952 qui
784 3891 835 3937 tarn
853 3885 941 3936 Beotl.
