2656 4448
527 218 699 272 CARMlNUlll
716 221 746 273 lll
766 224 804 275 16.

631 392 696 451 XVI

260 507 408 568 Inclusam
431 507 550 568 Danaen
574 511 663 571 turris
686 529 776 572 aenea

260 591 467 670 Robustaeque
490 594 568 655 sores
591 604 620 654 et
641 595 760 674 vigilum
784 615 889 658 canum

307 676 418 737 Tristes
440 677 580 740 excubiae
602 681 772 741 munierant
793 682 862 743 satis

356 762 516 824 Nocturnis
537 764 573 824 ab
596 765 743 839 adulteris,

260 879 292 941 Si
315 900 375 940 non
398 881 552 955 Acrisium,
575 883 694 960 virginis
716 883 830 945 abditae

261 964 417 1026 Custodem
439 966 583 1045 pavidum,
606 968 739 1047 luppiter
761 980 790 1029 et
812 969 911 1031 Venus

305 1051 464 1112 Risissent:
488 1053 550 1113 sore
573 1053 652 1114 enim
675 1061 770 1114 tutum
793 1055 900 1114 iter'et
921 1064 1025 1133 patens

356 1135 503 1198 Converso
527 1138 557 1198 in
580 1138 709 1217 pretium
731 1139 795 1199 deo.
818 1175 858 1184 -

260 1255 371 1315 durum
395 1273 450 1332 per
470 1255 582 1316 medios
605 1256 647 1316 ire
670 1257 807 1318 satellites

260 1336 295 1398 Et
317 1357 509 1419 perrumpere
532 1350 609 1400 amat
629 1359 697 1401 sara
719 1343 869 1420 potentius

306 1424 370 1483 lctu
392 1424 550 1484 fulmineo:
574 1426 704 1485 concidit
724 1427 844 1504 auguris

356 1508 454 1586 Argivi
476 1508 590 1583 domus,
614 1509 651 1570 ob
673 1509 788 1571 lucrum

260 1625 398 1686 Demersa
420 1626 523 1699 exitio;
547 1627 651 1688 diffidit
673 1627 790 1688 urbium

260 1711 363 1771 Portas
385 1710 429 1770 vir
451 1710 570 1772 Macedo
594 1721 623 1771 et
645 1712 762 1774 subruit
783 1711 914 1773 aemulos

307 1794 401 1873 Reges
424 1795 612 1871 muneribus;
634 1816 757 1858 munera
780 1797 896 1858 narium

357 1881 463 1941 Saevos
485 1882 656 1960 inlaqueant
677 1884 775 1944 duces.
798 1919 840 1928 -

259 1997 447 2058 Crescentem
470 2000 603 2077 sequitur
625 2019 695 2061 cura
717 2002 873 2080 pecuniam

259 2082 461 2161 Maiorumque
483 2085 588 2146 lames:
612 2086 676 2145 iure
699 2086 856 2165 perhorrui

306 2168 376 2228 Late
400 2169 593 2247 conspicuum
615 2171 717 2231 tollere
738 2172 888 2245 verticem,

357 2253 520 2328 Maecenas,
542 2256 674 2333 equitum
697 2257 795 2317 decus

260 2370 377 2442 Quanto
400 2374 525 2451 quisque
547 2373 603 2434 sibi
627 2375 711 2452 plura
735 2373 891 2452 negaverit,

259 2456 303 2517 Ab
326 2456 370 2518 dis
392 2459 478 2535 plura
500 2460 588 2518 leret:
613 2459 655 2519 nil
676 2458 857 2538 cupientium

305 2541 407 2602 Nudus
430 2551 522 2603 castra
544 2554 612 2622 peto
636 2554 666 2603 et
687 2545 839 2622 transfuga
862 2543 982 2603 divitum

356 2625 449 2688 Partis
471 2628 605 2706 linquere
628 2629 731 2708 gestio,

260 2726 452 2805 Contemptae
475 2729 612 2790 dominus
634 2731 822 2809 splendidior
837 2730 880 2789 rei

258 2809 352 2881 Quam
375 2812 399 2871 si
423 2812 562 2891 quidquid
586 2824 649 2875 arat
671 2816 795 2894 impiger
817 2813 930 2894 Apulus

305 2895 460 2957 Occultare
482 2900 554 2959 meis
577 2900 691 2959 dicerer
713 2899 836 2970 horreis,

356 2981 475 3059 Magnas
497 2984 574 3042 inter
598 3003 669 3063 opes
690 2985 787 3062 inops.

258 3081 353 3142 Purae
375 3083 455 3144 rivus
476 3102 569 3162 aquae
590 3086 719 3164 silvaque
739 3086 875 3163 iugerum

162 3234 165 3239 ,
257 3166 424 3229 Paucorum
447 3178 476 3228 et
498 3171 604 3248 segetis
627 3180 707 3231 certa
729 3171 801 3230 fides
823 3187 904 3230 meae

305 3251 478 3332 Fulgentem
502 3256 626 3335 imperio
650 3255 751 3317 fertilis
774 3255 888 3316 Africae

355 3337 439 3399 Fallit
460 3350 539 3401 sorte
561 3340 683 3402 beatior.

258 3438 442 3520 Quamquam
466 3461 521 3503 nec
544 3441 682 3502 Calabrae
705 3441 790 3501 mella
812 3442 913 3500 lerunt
934 3457 1003 3517 apes

257 3525 318 3589 Nec
340 3527 548 3607 laestrygonia
571 3527 704 3587 Bacchus
726 3527 756 3585 in
780 3525 920 3603 amphora

305 3611 482 3690 Languescit
503 3612 573 3670 mihi
598 3630 652 3671 nec
675 3610 795 3690 pinguia
818 3608 935 3670 Gallicis
1128 3617 1157 3667 at

356 3697 500 3758 Crescunt
521 3696 627 3756 vellera
649 3695 774 3774 pascuis,

127 3796 331 3807 —u———

214 3844 270 3898 lllll
288 3865 310 3905 u,
331 3849 346 3899 6
364 3846 480 3898 rabidum
494 3847 591 3911 Porplt.
605 3845 661 3894 cod.
674 3843 744 3894 Mon.
756 3842 881 3910 (rapidum
894 3841 1009 3891 eiusdem
1027 3840 1084 3892 cod.
1099 3840 1176 3906 Gud.)
1192 3839 1196 3905 Ι

127 3917 224 3980 Sssaqq.
239 3914 488 3982 pascuis-inportuna
502 3955 507 3966 .
521 3954 527 3967 .
541 3913 813 3978 deneges-contracto
833 3907 1029 4044 distinoeqth
