2656 4448
503 221 676 275 catamitum
693 222 726 275 lv
745 227 769 276 3.
789 229 812 278 4.

253 390 359 451 Totum
384 394 515 454 muneris
537 395 593 454 hoo
615 394 657 455 tui
672 383 733 469 est,

301 475 386 546 Quod
409 486 557 538 monstror
581 479 670 558 digito
694 483 943 559 praetereuntium

254 561 404 621 Romanae
427 562 532 624 fidioen
556 563 649 643 lyrae:

301 644 385 715 Quod
409 647 489 726 spiro
513 658 542 709 et
563 649 675 727 placeo,
699 650 723 710 si
746 650 857 728 placeo,
880 661 963 714 tuum
987 662 1039 713 est.

587 852 737 862 ———

257 1117 379 1187 Qualem
401 1119 570 1181 ministrum
592 1121 722 1182 fulminis
744 1122 850 1197 alitem,

256 1201 307 1263 Cui
330 1221 381 1262 rex
405 1204 526 1264 deorum
551 1223 676 1284 regnum
698 1206 728 1265 in
752 1207 811 1269 avis
833 1228 918 1288 vagas

301 1287 438 1349 Permisit
459 1298 598 1368 expertus
620 1291 735 1350 fidelem

353 1373 485 1451 luppiter
508 1375 537 1433 in
563 1376 730 1454 Ganymede
752 1376 836 1450 ssavo,

256 1489 332 1550 Olim
355 1492 488 1552 iuventas
511 1501 540 1552 et
562 1493 673 1571 patrius
695 1493 778 1570 vigor

255 1574 329 1635 Nido
351 1575 487 1636 laborum
509 1577 640 1654 propulit
662 1578 788 1638 inscium

302 1659 452 1738 Vernique
474 1661 531 1721 iam
555 1661 662 1722 nimbis
686 1663 806 1722 remotis

353 1745 491 1806 lnsolitos
514 1746 641 1807 docuere
665 1747 747 1807 nisus

255 1862 341 1923 Venti
364 1874 530 1944 paventem,
553 1883 621 1925 mox
643 1864 673 1925 in
697 1865 781 1925 ovilia

256 1948 378 2010 Demisit
399 1950 515 2010 hostem
537 1950 647 2011 vividus
669 1950 806 2028 impetus,

301 2033 388 2093 Nune
411 2035 441 2094 in
465 2036 638 2096 reluctantis
660 2035 804 2095 dracones

281 2184 284 2192 ,
353 2118 421 2198 Egit
443 2138 526 2180 amor
547 2120 630 2199 dapis
652 2127 740 2197 atque
763 2137 889 2198 pugnae,

255 2234 413 2304 Qualemve
436 2239 518 2299 laetis
541 2257 646 2318 caprea
669 2239 785 2317 pasouis

255 2321 372 2382 lotenta
396 2324 488 2384 fulvae
513 2325 613 2384 matris
636 2323 671 2383 ab
695 2323 784 2382 ubere

302 2406 362 2467 lam
384 2409 457 2469 lacte
480 2409 635 2488 depulsum
656 2407 773 2466 leonem

353 2491 448 2553 Dente
472 2512 547 2553 novo
570 2493 699 2572 peritura
723 2491 806 2551 vidit:

256 2608 360 2669 Videre
383 2610 482 2672 Raetis
504 2611 580 2671 bella
602 2610 657 2672 sub
680 2609 803 2688 Alpibus

257 2694 386 2754 Drusum
409 2704 561 2771 gerentem
586 2695 725 2754 Vindelici
749 2692 892 2771 -quibus

303 2777 368 2838 Mos
391 2778 468 2840 unde
492 2780 636 2840 deductus
657 2798 710 2857 per
733 2797 821 2839 omne

354 2863 483 2942 Tempus
506 2864 661 2925 Amazonia
685 2863 780 2923 securi

256 2983 378 3042 Dextras
401 2981 543 3054 obarmet‚
567 3001 708 3060 quaerere
731 2979 838 3054 distuli,

257 3066 317 3126 Neo
341 3067 416 3128 seire
438 3068 481 3127 las
504 3078 547 3127 est
570 3067 668 3145 omnia
690 3099 714 3138 -‚
737 3067 787 3126 sed
812 3065 861 3125 diu

305 3152 434 3229 lateque
458 3153 592 3213 victrices
615 3160 746 3211 catervae

356 3237 492 3298 Consiliis
514 3238 627 3298 iuvenis
649 3236 774 3296 revictae

128 3388 332 3396 ——-——.-

215 3485 245 3536 lll
263 3503 286 3538 o.
306 3490 398 3552 lisqq.
425 3490 461 3539 tui
486 3496 536 3540 est:
562 3487 635 3548 Quod
649 3517 680 3525 —
693 3486 777 3554 lyrae,
802 3484 870 3551 quod
888 3485 921 3534 F.
940 3482 972 3535 V.
993 3482 1090 3533 Graaer
1108 3496 1203 3547 progr.

125 3567 222 3621 gymno.
243 3554 272 3609 U.
291 3555 322 3608 t.
341 3556 374 3607 F.
394 3557 582 3621 Parthenopol.
601 3573 626 3606 a.
648 3557 713 3608 1868
734 3555 813 3619 ρμῖὃ
831 3553 907 3603 adm*
938 3553 941 3614 l
973 3552 1065 3616 llsqq.
1091 3553 1204 3616 praeter·

129 3623 259 3674 euntium:
280 3623 410 3675 Romanae
428 3622 520 3674 fidicen
539 3623 609 3690 lyrae
628 3622 696 3688 quod
715 3623 876 3678 Dilntzerus„
893 3619 1063 3670 Eelsteintus
1081 3615 1126 3682 (ef.
1147 3616 1164 3667 t.
1184 3616 1200 3667 l.

123 3705 144 3756 p
206 3692 247 3808 JlV
266 3775 289 3811 v.
312 3762 326 3811 7
345 3759 481 3825 uernisque
500 3760 535 3822 (o)
561 3757 645 3822 (prod.
667 3757 763 3819 Bentl.)
778 3755 784 3822 Ι
802 3757 833 3806 de
858 3772 880 3807 o.
905 3757 997 3818 13sqq.
1024 3755 1203 3829 interpretan-

130 3827 173 3877 dis
192 3824 227 3887 ef.
247 3827 330 3889 Η-ΡΙ
357 3830 386 3878 1Ί
406 3826 502 3889 Raetis]
525 3826 561 3889 (o)
587 3823 621 3876 N.
644 3825 767 3874 Heinsius
790 3825 891 3875 Boutt:
920 3821 990 3872 Raeti
1016 3821 1019 3884 Ι
1044 3821 1085 3882 [18
1110 3817 1203 3884 quibus

128 3896 205 3946 -22
224 3895 278 3959 sed]
298 3894 343 3946 Mla
369 3896 373 3960 l
398 3896 430 3946 24
449 3908 582 3960 repressae
601 3894 696 3958 Porpn.
717 3889 835 3943 reductae
854 3895 890 3955 (o)
