2656 4448
550 230 680 284 EPODON
699 237 721 285 7.
741 237 764 286 8.

632 404 683 463 Vll

251 519 327 592 Quo,
351 539 410 599 quo
432 521 548 582 scelesti
571 523 656 583 ruitis
678 532 728 583 aut
751 542 805 583 cur
826 523 953 585 dexteris

298 607 445 684 Aptantur
467 625 553 668 enses
575 605 710 668 conditi?

252 690 399 750 Parumne
422 692 533 770 campis
556 701 644 770 atque
666 693 806 772 Neptuno
828 712 918 772 super

298 775 408 836 Fusum
432 784 476 837 est
497 777 593 837 Latini
615 778 777 856 sanguinis

249 859 316 920 Non
339 869 373 920 ut
394 861 537 940 superbas
559 863 672 923 invidae
695 861 880 942 Carthaginis

299 945 450 1006 Romanus
472 947 547 1007 arcis
569 957 668 1007 ureret

252 1031 383 1092 intactus
405 1039 457 1092 aut
477 1032 639 1093 Britannus
661 1041 694 1094 ut
715 1033 909 1094 descenderet

299 1115 388 1176 Sacra
410 1125 562 1178 catenatus
583 1118 638 1191 via,

253 1199 309 1260 Sed
331 1210 366 1260 ut
387 1203 550 1262 secundum
572 1211 640 1263 vota
662 1202 836 1262 Parthorum
860 1221 913 1263 sua

298 1285 376 1346 Urbs
398 1287 471 1347 haec
493 1287 605 1366 periret
627 1285 767 1347 dextera?

252 1369 353 1449 Neque
375 1371 424 1431 hic
447 1371 524 1450 lupis
547 1391 611 1432 mos
634 1391 690 1432 nec
713 1373 768 1432 suit
789 1371 935 1444 leonibus,

298 1455 464 1534 Numquam
489 1457 545 1517 nisi
568 1457 598 1516 in
622 1457 721 1535 dispar
743 1457 820 1517 feris.

252 1537 388 1600 Fororno
410 1559 516 1602 caecus
538 1561 575 1602 ao
599 1543 675 1620 rapit
695 1541 857 1627 vislacrior

298 1625 343 1684 An
367 1623 475 1704 culpa?
497 1645 674 1705 responsum
697 1627 778 1687 dated

253 1707 364 1769 Tacent
386 1721 416 1770 et
437 1711 521 1772 albus
544 1730 595 1771 ora
618 1712 712 1790 pallor
734 1711 828 1771 inficit

298 1794 471 1873 Mentesque
494 1797 647 1875 perculsae
669 1805 799 1875 stupent.

255 1877 303 1938 Sic
326 1888 384 1940 est:
408 1881 512 1941 acerba
535 1883 593 1941 fata
617 1882 765 1942 Romanos
788 1888 881 1959 agunt

300 1964 460 2044 Scelusque
484 1967 631 2026 fraternae
653 1968 744 2040 necis,

253 2047 291 2108 Ut
312 2049 486 2111 inmerentis
508 2052 592 2112 fluuit
614 2053 645 2112 in
667 2060 776 2112 terram
799 2051 883 2111 Remi

302 2134 391 2196 Sacer
415 2137 572 2214 nepotibus
594 2156 691 2197 cruor.

632 2439 696 2499 vul

254 2556 369 2635 Rogare
391 2557 481 2634 longo
504 2558 633 2636 putidam
657 2566 685 2616 te
707 2557 836 2629 saeculo,

301 2640 382 2702 Vires
405 2643 475 2719 quid
498 2651 618 2702 enervet
638 2661 727 2716 meas,

254 2723 326 2784 Cum
351 2726 388 2786 sit
410 2726 463 2786 tibi
486 2727 559 2787 dens
581 2736 644 2787 ater
666 2734 695 2786 et
717 2727 798 2806 rugis
821 2735 904 2785 vetus

303 2810 442 2870 Frontem
463 2821 601 2872 senectus
623 2819 722 2871 exaret

255 2893 382 2973 Hietque
404 2897 500 2974 turpis
522 2898 600 2956 inter
622 2897 716 2957 aridas
739 2896 814 2956 natis

301 2981 401 3041 Podex
423 2982 501 3042 velut
524 2981 632 3042 crudae
655 2979 759 3041 bovis?

255 3064 311 3125 Sed
335 3067 438 3126 incitat
459 3085 506 3127 me
528 3074 632 3145 pectus
654 3077 682 3126 et
704 3083 847 3126 mammae
869 3073 981 3144 putres,

302 3150 417 3228 Equina
440 3152 540 3230 quales
562 3151 663 3225 ubera,

255 3233 424 3314 Venterque
448 3238 543 3297 mollis
565 3246 595 3297 et
618 3237 712 3297 femur
733 3235 917 3296 tumentibus

302 3320 386 3380 Exite
407 3323 484 3383 suris
506 3322 646 3382 additum.

256 3403 328 3465 Esto
351 3406 444 3481 beata,
469 3410 558 3468 tonus
580 3416 668 3485 atquc
690 3406 831 3485 imagines

302 3491 418 3551 Ducant
440 3492 632 3571 triumphales
653 3501 748 3563 tuum,

255 3574 316 3635 Nec
338 3576 375 3637 sit
398 3578 508 3651 marita,
532 3596 606 3654 quae
629 3575 853 3637 rotundioribus

304 3660 418 3722 Onusta
441 3663 520 3723 bacis
542 3660 681 3725 ambulet.

214 3842 256 3893 VN
276 3860 299 3894 a.
321 3847 350 3896 12
369 3859 496 3911 uunquam
516 3847 555 3896 ed.
574 3808 639 3896 Van.
658 3862 683 3896 a.
707 3848 769 3898 1490
788 3849 879 3910 (atque
896 3846 959 3895 inda
976 3843 1083 3906 Beati.);
1103 3843 1201 3909 Porpb.

126 3926 185 3976 aga
204 3926 324 3978 umquam
349 3914 391 3976 (=
410 3915 505 3978 Porpb.
525 3913 606 3977 Mon.)
625 3914 629 3980 Ι
652 3915 681 3966 13
701 3929 792 3965 caecos
810 3917 845 3978 (v)
864 3911 869 3981 Ι
892 3915 921 3964 15
940 3928 982 3964 ora
1002 3910 1084 3979 pallor
1102 3910 1176 3963 albus
