2656 4448
457 229 687 284 EPISTULARUM
705 230 714 281 l
734 232 756 281 3.
776 232 800 282 4.
819 233 842 282 5.

196 404 263 475 Quo
287 413 315 463 te
339 403 472 464 caelestis
494 402 637 482 sapientia
662 403 792 474 duceret,
815 402 884 463 ires.

197 488 263 549 Hoc
285 506 370 567 opus,
393 489 449 548 hoc
472 488 602 549 studium
625 488 706 566 parvi
729 506 924 566 properemus
947 498 976 547 et
998 489 1096 567 ampli,

198 573 230 633 Si
252 574 361 653 patriae
384 573 528 647 volumus,
551 574 575 634 si
599 572 686 634 nobis
708 573 803 633 vivere
826 572 895 632 cari.
918 607 960 616 -

198 659 294 719 Debes
315 658 374 719 hoc
396 658 482 718 etiam
506 657 679 730 rescribere,
703 657 741 718 sit
762 657 816 717 tibi
838 676 937 728 curae,

199 744 334 814 Quantae
357 743 522 814 conveniat,
546 743 711 817 Munatius3
735 761 771 802 an
796 743 969 803 malesarta

199 828 298 888 Gratia
322 828 502 907 nequiquam
526 828 586 887 coit
608 838 638 889 et
660 828 839 888 rescinditur
861 846 895 888 ae
918 847 968 888 vos

200 912 259 973 Seu
283 913 393 973 calidus
416 913 536 992 sanguis
558 932 611 973 seu
634 931 733 973 rerum
758 913 872 974 inscitia
896 923 979 973 vexat

201 997 347 1059 Indomita
370 998 483 1058 cervice
505 996 606 1060 feros?
629 997 809 1076 ubicumque
831 997 964 1058 iocorum

201 1082 309 1154 Vinius,
333 1082 447 1161 indigni
471 1083 634 1144 fraternum
656 1102 797 1161 rumpere
819 1084 932 1156 foedus,

201 1168 334 1230 Pascitur
356 1168 387 1227 in
411 1177 540 1228 vestrum
563 1168 688 1228 reditum
711 1169 804 1228 votiva
827 1169 959 1229 iuvenca.

637 1421 674 1481 IV

202 1540 277 1612 Albi,
301 1547 472 1600 nostrorum
494 1557 665 1599 sermonum
689 1539 812 1599 candide
835 1540 932 1614 iudex,

202 1625 279 1696 Quid
303 1642 385 1685 nunc
407 1631 436 1683 te
459 1624 551 1683 dicam
574 1625 671 1685 iacere
694 1625 725 1684 in
749 1625 871 1703 regione
895 1623 1033 1685 Pedana?

204 1709 340 1770 Scribere
363 1711 442 1787 qnod
466 1709 543 1770 Cassi
566 1710 734 1770 Parmensis
757 1711 896 1788 opuscula
919 1712 1025 1782 vincat,

204 1798 248 1855 dn
271 1794 391 1855 tacitum
415 1794 499 1855 silvas
522 1794 600 1855 inter
622 1804 737 1874 reptare
760 1794 893 1870 salubris,

204 1879 361 1942 Curantem
385 1879 527 1958 quidquid
550 1881 671 1959 dignum
695 1880 827 1960 sapiente
850 1880 992 1959 bonoque
1015 1877 1081 1941 est?

204 1966 269 2026 Non
292 1973 325 2024 tu
348 1982 456 2044 corpus
479 1983 543 2026 eras
565 1966 629 2026 sine
652 1974 788 2046 pectore:
812 1965 841 2025 di
863 1965 918 2027 tibi
940 1968 1073 2037 formam,

205 2050 239 2111 Di
261 2048 315 2109 tibi
338 2049 449 2110 divitias
472 2050 618 2111 dederunt
640 2059 791 2130 artemque
816 2051 943 2112 fruendi.

205 2134 281 2206 Quid
304 2143 406 2194 voveat
428 2134 505 2195 dulci
529 2136 676 2198 nutricula
698 2137 792 2197 maius
814 2137 945 2208 alumno,

206 2219 263 2290 Qui
286 2237 389 2299 sapere
413 2229 441 2280 et
463 2220 518 2280 sari
542 2223 633 2299 possit
656 2241 731 2301 quac
754 2222 861 2283 sentiat
883 2231 913 2283 et
936 2223 983 2282 cui

207 2304 316 2375 Gratia,
337 2306 423 2377 tama,
445 2305 579 2365 valetudo
603 2309 757 2385 contingat
778 2307 896 2367 abunde

205 2389 243 2450 Et
263 2389 392 2449 mundus
413 2389 506 2449 victus
529 2410 588 2450 non
614 2391 768 2451 deficiente
791 2389 946 2451 crumina?

206 2473 287 2534 Inter
308 2491 390 2553 spem
414 2492 583 2552 curamque,
606 2475 726 2535 timores
749 2475 826 2534 inter
849 2483 878 2534 et
899 2475 957 2536 iras

208 2559 334 2620 Omnem
358 2559 445 2619 crede
468 2559 544 2618 diem
566 2559 620 2619 tibi
643 2559 780 2620 diluxisse
803 2578 990 2638 supremum:

209 2643 297 2704 Grata
320 2644 509 2723 superveniet
531 2662 605 2721 quae
629 2664 689 2704 non
713 2643 881 2723 sperabitur
902 2644 984 2704 hora.

209 2729 255 2788 Me
277 2729 418 2807 pinguem
442 2739 471 2789 et
493 2728 616 2790 nitidum
641 2730 718 2790 bene
741 2739 839 2790 curata
862 2738 929 2789 cute
952 2730 1038 2800 vises,

207 2811 280 2874 Cum
303 2814 398 2874 ridere
419 2815 501 2875 voles
523 2814 642 2894 Epicuri
666 2816 702 2875 de
724 2833 813 2894 grege
835 2832 970 2893 porcum.

645 3067 668 3129 V

210 3186 239 3246 Si
262 3193 346 3264 potes
369 3185 518 3248 Archiacis
540 3188 660 3248 conviva
683 3187 857 3247 recumbere
879 3187 963 3248 lectis

208 3271 269 3330 Nec
291 3270 406 3331 modica
429 3290 536 3332 cenare
559 3274 644 3334 times
666 3273 752 3334 holus
776 3291 863 3333 omne
885 3274 1000 3351 patella,

210 3355 356 3433 Supremo
379 3365 409 3416 te
431 3356 491 3417 sole
514 3357 603 3432 domi,
627 3358 785 3436 Torquate,
808 3359 944 3418 manebo.

211 3439 284 3499 Vina
305 3438 389 3502 bibes
411 3441 517 3501 iterum
541 3442 638 3504 Tauro
661 3444 766 3505 diffusa
788 3444 925 3522 palustris

211 3524 293 3585 Inter
314 3525 480 3586 Minturnas
503 3527 773 3608 Sinuessanumque
796 3528 958 3589 Petrinum.

214 3776 243 3828 {ll
260 3793 283 3829 υ.
302 3779 334 3829 33
353 3780 490 3840 seu-seu]
508 3780 556 3842 (o):
574 3778 710 3830 heu-heu
729 3780 771 3842 (=
782 3780 834 3842 Bo)

213 3844 246 3895 lv
264 3862 288 3898 v.
307 3849 321 3897 5
343 3845 488 3912 bonumque
506 3848 540 3911 (o)
556 3845 591 3915 16
611 3846 869 3909 edomandamque,
888 3846 1032 3897 Horkola‘ue
1049 3844 1120 3896 anal.
1133 3846 1197 3896 Hor.

126 3930 154 3981 p.
177 3915 226 3965 139
237 3930 293 3979 sqq.
309 3913 313 3981 i
331 3916 344 3963 7
364 3913 485 3966 dederant
503 3917 538 3979 (o)
554 3915 558 3983 Ι
576 3919 605 3970 11
625 3919 651 3966 et
668 3913 759 3966 modus
777 3918 804 3966 et
820 3917 856 3981 (o)
871 3917 875 3982 Ι
893 3917 923 3968 16
942 3915 1023 3978 voles,
1041 3915 1075 3965 ol.
