2656 4448
544 255 674 309 EPODON
695 259 734 309 10.
754 259 795 310 ll.

261 430 366 510 Opima
391 428 495 507 quodsi
518 429 625 508 praeda
648 448 738 489 curvo
762 429 849 490 litore

300 515 581 591 Porrecta‘mergos
603 514 719 587 iuveris,

258 599 448 662 libidinosus
469 598 661 659 inmolabitnr
681 617 771 678 caper

303 685 341 745 Et
363 702 438 763 agna
461 683 707 762 Tempestatibus.

650 936 689 995 Xl

260 1059 345 1129 Petti,
369 1056 442 1117 nihil
465 1074 511 1115 me
534 1055 609 1115 sicut
632 1063 716 1114 antea
739 1056 817 1115 iurat

306 1143 442 1205 Scribere
465 1140 626 1201 versiculos
648 1157 747 1200 amore
770 1158 946 1220 percussum
968 1143 1057 1220 gravi,

259 1232 376 1299 Amore,
400 1227 450 1304 qui
472 1244 520 1285 me
542 1234 660 1304 praeter
682 1225 779 1286 omnis
802 1225 912 1304 expetit

307 1312 443 1374 Mollibus
466 1312 497 1371 in
521 1310 621 1389 pueris
644 1318 693 1370 aut
717 1309 746 1370 in
770 1310 875 1390 puellis
899 1327 996 1372 urere.

204 1414 218 1463 5
263 1400 316 1460 llic
339 1398 443 1458 tertius
466 1395 640 1469 December,
664 1414 699 1455 ex
722 1413 781 1473 quo
805 1396 902 1457 destiti

307 1483 425 1544 lnaclria
449 1483 557 1552 lurore,
580 1481 659 1542 silvis
682 1480 826 1542 bonorem
850 1480 969 1542 decutit.

261 1570 327 1631 Heu
348 1587 406 1640 me,
428 1586 482 1646 per
507 1566 610 1626 urbem
626 1599 639 1609 -
656 1583 724 1624 nam
749 1566 840 1644 pudet
861 1567 935 1626 tanti
958 1565 1029 1626 mali
1044 1598 1058 1610 ·

308 1653 419 1715 Fabula
443 1663 552 1731 quanta
575 1651 631 1711 fuit
656 1650 857 1711 conviviorum
881 1659 913 1711 nt
935 1651 1079 1730 paenitet,

264 1742 298 1801 ln
321 1740 388 1818 quis
410 1746 555 1797 amantem
579 1735 704 1814 languor
727 1744 756 1795 et
777 1735 927 1796 silentium

191 1837 218 1888 to
306 1823 408 1903 Arguit
431 1833 459 1882 et
481 1822 571 1881 latere
595 1821 704 1898 petitus
726 1820 784 1880 imo
808 1820 944 1899 spiritus!

260 1904 424 1971 ‘Contrane
447 1906 561 1967 lucrum
586 1904 627 1964 nil
648 1904 744 1964 valere
768 1906 924 1966 candidum

309 1992 451 2071 Pauperis
474 1980 655 2069 ingeniuml'
683 1990 829 2066 querebar
849 1990 1008 2070 adplorans
1030 1988 1097 2065 tibi,

264 2078 357 2140 Simul
379 2077 501 2137 calentis
524 2075 741 2135 inverecundus
763 2075 836 2136 deus

308 2162 476 2223 Fervidiore
499 2178 580 2219 mero
603 2177 708 2219 arcana
732 2168 883 2238 promorat
905 2160 981 2219 loco.

193 2260 220 2309 1⁵
259 2242 386 2319 <Quodsi
410 2246 481 2306 meis
504 2246 650 2305 inaestuet
673 2246 853 2324 praecordiis

311 2333 416 2393 Libera
439 2331 515 2402 bilis,
541 2339 572 2390 nt
595 2329 667 2391 haec
690 2330 805 2408 ingrata
827 2329 921 2390 ventis
944 2326 1051 2388 dividat

264 2418 417 2489 Fomenta,
441 2417 545 2477 volnus
568 2415 609 2475 nil
631 2415 739 2475 malum
764 2416 896 2485 levantia,

310 2503 431 2564 Desinet
455 2501 615 2582 imparibus
638 2508 750 2560 certare
773 2500 927 2560 submotus
949 2485 1064 2577 pudor.³

263 2587 319 2649 Ubi
341 2590 413 2649 baec
435 2606 554 2648 severus
576 2594 604 2645 te
627 2586 722 2665 palam
745 2584 938 2655 laudaveram,

192 2686 221 2735 2)
307 2674 406 2735 lussus
429 2673 509 2733 abire
532 2671 651 2731 domum
674 2669 791 2731 lerebar
813 2671 928 2730 incerto
951 2668 1026 2747 pede
1060 2693 1062 2697 ¹

266 2760 309 2819 bd
334 2778 393 2819 non
417 2759 527 2818 amicos
550 2756 607 2816 beu
630 2755 699 2814 mihi
725 2755 817 2832 postis
840 2765 869 2815 et
890 2755 946 2815 beu

312 2843 425 2904 Limina
447 2843 530 2914 dura,
553 2840 661 2918 quibus
683 2839 799 2900 lumbos
822 2849 851 2900 et
873 2838 979 2917 infregi
1001 2837 1086 2898 latus.
1109 2870 1154 2882 -

264 2928 352 2989 Nunc
374 2928 527 3007 gloriantis
549 2924 709 3003 quamlibet
732 2925 933 2985 mulierculam

312 3013 437 3073 Vincere
460 3012 580 3072 mollitia
603 3028 685 3070 amor
707 3010 820 3089 Lycisci
843 3028 890 3070 me
912 3015 1002 3080 tenet,

195 3109 223 3159 25
269 3096 351 3158 Unde
374 3099 511 3176 expedire
536 3115 594 3155 non
620 3095 780 3155 amicorum
804 3105 914 3172 queant

314 3180 421 3242 Libera
444 3182 564 3242 consilia
588 3199 644 3240 nec
667 3179 862 3240 contumeliae
885 3196 996 3257 graves,

269 3266 325 3326 Sed
350 3266 423 3328 alius
445 3267 533 3326 ardor
555 3273 604 3324 aut
626 3265 740 3343 puellae
764 3264 903 3325 candidae

314 3351 371 3412 but
393 3352 492 3412 teretis
515 3349 599 3429 pueri
622 3350 740 3426 longam
763 3348 934 3410 renodantis
955 3363 1080 3408 comam.

100 2070 116 2101 Δ

224 3536 246 3586 ll
266 3552 288 3587 υ.
307 3537 339 3587 22
358 3535 461 3597 iuveris]
480 3536 526 3598 (o):
546 3533 638 3584 iuuerit

224 3603 256 3655 lll
275 3620 297 3657 v.
317 3605 332 3655 2
350 3602 493 3669 perculsum
514 3603 518 3668 Ι
539 3605 554 3655 8
572 3604 609 3663 ut]
627 3601 725 3652 denti:
744 3604 769 3652 et
792 3601 797 3666 1
821 3602 854 3652 24
872 3598 980 3651 mollitie
999 3598 1034 3660 (o)
1055 3596 1059 3663 Ι
1080 3596 1111 3647 27
1131 3593 1209 3646 ardor

138 3674 205 3724 alius
223 3673 255 3723 M
271 3673 343 3734 1882,
361 3673 408 3722 ubi
425 3688 447 3720 υ.
467 3671 538 3734 adro,
556 3675 580 3720 ot
600 3671 664 3722 1886
