2656 4448
582 221 712 275 drouart
732 227 755 274 5.

257 395 380 474 Impube
403 412 521 472 corpus,
546 395 631 472 quale
653 404 754 473 posset
775 396 863 476 impia

303 480 416 540 Mollire
438 480 586 539 Thracum
609 491 738 559 pectora,

186 578 213 628 tt
258 565 386 637 Canidia,
409 563 547 625 brevibus
570 565 717 644 implicata
740 567 847 646 viperis

304 650 399 711 Crinis
423 659 452 709 et
474 649 658 728 incomptum
681 662 779 729 caput,

255 736 342 796 lubet
364 734 509 813 sepulcris
531 735 688 813 caprificos
710 747 816 808 erutas

302 820 388 881 lubet
411 837 569 899 cupressus
592 818 726 881 funebris

257 905 295 965 Et
317 915 406 965 uncta
429 904 524 983 turpis
547 922 598 963 ora
621 922 711 965 ranae
734 906 878 984 sanguine

186 1002 214 1052 tt
301 990 494 1067 Plumamque
518 996 682 1050 nocturnae
704 991 803 1069 strigis

256 1075 438 1152 Herbasque‚
462 1093 534 1152 quas
556 1073 651 1135 lolcos
673 1081 761 1153 atque
784 1075 903 1136 Hiberia

304 1160 391 1219 Mittit
412 1177 596 1219 venenorum
619 1161 709 1232 ferax,

256 1244 293 1304 Et
316 1264 380 1305 ossa
404 1244 439 1304 ab
463 1261 514 1304 ore
538 1252 620 1323 rapta
643 1245 758 1305 ieiunae
781 1246 862 1306 canis

303 1329 440 1390 Flammis
463 1328 546 1388 aduri
569 1329 722 1390 Colchicis.

184 1426 212 1475 25
256 1418 294 1475 At
315 1415 449 1493 expedita
473 1414 595 1491 Sagana,
618 1433 673 1493 per
695 1422 785 1474 totam
808 1417 927 1476 domum

304 1500 453 1579 Spargens
475 1499 627 1560 Avernalis
648 1517 747 1577 aquas,

256 1585 366 1645 Horret
388 1584 509 1664 capillis
532 1591 565 1644 ut
587 1585 719 1645 marinus
741 1583 853 1665 asperis

302 1670 434 1730 Echinus
457 1681 506 1729 aut
528 1687 653 1730 currens
676 1688 756 1748 aper.

255 1756 364 1816 abacta
387 1756 466 1815 nulla
490 1754 559 1815 Veia
583 1754 763 1815 conscientia

183 1849 213 1899 tt)
298 1839 463 1918 Ligonibus
485 1839 566 1899 duris
588 1839 710 1899 humum
778 1879 781 1886 -

254 1923 462 1995 Exhauriebat‚
485 1925 641 2001 ingemens
664 1924 823 1997 laboribus,

303 2009 368 2079 Quo
392 2017 493 2087 posset
515 2009 645 2069 iniussus
666 2028 742 2088 puer

255 2093 360 2172 Longo
384 2093 429 2153 die
452 2093 497 2152 bis
520 2103 624 2170 terque
646 2104 774 2154 mutatae
796 2095 878 2173 dapis

302 2177 433 2238 lnemori
456 2178 634 2256 spectaculo,

183 2274 212 2323 35
256 2263 329 2323 Cum
352 2263 534 2342 promineret
557 2281 618 2335 ore,
642 2273 785 2340 quantum
809 2272 925 2325 exstant
947 2281 1021 2340 aqua

303 2347 452 2427 Suspensa
476 2356 577 2407 mento
600 2366 740 2428 corpora;

255 2432 378 2494 Exsecta
401 2435 443 2494 uti
467 2432 592 2493 medulla
617 2443 646 2493 et
667 2434 781 2493 aridum
804 2434 886 2494 iecur

301 2519 417 2579 Amoris
440 2529 517 2578 esset
537 2518 688 2597 poculum,

255 2604 448 2664 Interminato
471 2622 539 2663 cum
561 2603 653 2663 semel
675 2605 747 2664 fixae
770 2605 837 2664 cibo

183 2699 212 2748 to
299 2688 499 2749 intabuissent
520 2687 658 2766 pupulae.

255 2773 321 2833 Non
345 2774 473 2835 defuisse
496 2773 641 2833 masculae
664 2773 794 2833 libidinis

301 2859 517 2919 Ariminensem
541 2858 662 2929 Foliam,

254 2942 293 3020 Et
316 2944 407 3004 otiosa
431 2943 555 3004 credidit
576 2942 715 3021 Neapolis

303 3027 340 3087 Et
363 3047 450 3088 omne
473 3028 601 3087 vicinum
626 3029 776 3106 oppidum,

183 3121 212 3170 45
257 3110 339 3181 Quae
362 3113 455 3172 sidera
479 3124 632 3173 excantata
653 3132 725 3173 voce
748 3113 885 3173 Thessala

300 3195 474 3275 Lunamque
497 3198 576 3257 caelo
600 3198 716 3276 deripit.

255 3279 309 3340 Hic
332 3281 512 3342 inresectum
535 3301 617 3342 saeva
641 3283 729 3342 dente
752 3281 839 3342 livido

304 3365 421 3426 Canidia
443 3367 552 3428 rodens
576 3367 722 3446 pollicem,

256 3449 333 3520 Quid
356 3452 428 3511 dixit
450 3463 501 3512 aut
524 3453 591 3530 quid
616 3450 729 3512 tacuit?
770 3445 808 3512 ‘0
832 3450 922 3511 rebus
945 3449 1017 3511 meis

182 3546 211 3594 to
296 3535 361 3596 Non
385 3537 518 3598 infideles
539 3537 675 3609 arbitrae,

253 3620 318 3681 Nox
342 3630 372 3682 et
395 3622 497 3695 Diana,
520 3641 594 3699 quae
617 3621 766 3683 silentium
790 3622 876 3701 regis

301 3710 414 3766 Arcana
437 3725 505 3767 cum
528 3709 604 3767 fiunt
624 3727 716 3783 sacra,

126 3806 167 3812 ἡ
215 3811 328 3892 llo—li
347 3839 454 3904 inligata
478 3840 482 3905 Ι
504 3841 535 3891 18
556 3855 690 3906 cupressos
715 3843 719 3909 Ι
744 3844 773 3893 21
796 3847 840 3892 aut
863 3841 866 3906 l
891 3839 923 3890 28
941 3838 1052 3890 Laurens
1069 3838 1105 3891 N.
1125 3841 1206 3892 Hein-

124 3909 180 3957 sius
204 3908 208 3974 Ι
233 3910 264 3960 37
284 3911 387 3959 exsucta
407 3910 442 3972 (o)
