2656 4448
129 197 191 256 216
506 195 737 249 EPISTULARUM
754 197 774 249 ll
794 201 817 250 1.

214 369 351 431 Carmine
373 369 402 428 di
425 369 525 447 superi
547 370 711 449 placantur,
734 370 866 430 carmine
891 369 1001 431 Manes.
1026 405 1068 414 —

213 454 367 535 Agricolae
390 454 487 533 prisci,
511 455 603 515 sortes
625 473 774 533 parvoque
797 455 884 526 beati,

129 551 172 602 115
215 539 339 600 Condita
362 548 431 618 post
452 541 599 600 frumenta
622 541 752 601 levantes
774 549 910 619 tempore
930 541 1005 601 testo

215 624 330 704 Corpus
353 633 383 684 et
403 624 499 704 ipsum
522 625 653 685 animum
675 643 728 703 spe
749 626 818 686 finis
839 625 913 685 dura
935 627 1081 687 ferentem

214 710 287 772 Cum
309 710 397 770 sociis
420 728 553 788 operum,
577 710 677 789 pueris
699 720 729 771 et
750 711 878 789 coniuge
899 711 965 782 fida,

213 795 362 855 Tellurem
384 813 488 873 porco,
511 795 660 855 Silvanum
683 795 757 855 lacte
780 795 911 874 piabant,

214 880 350 941 Floribus
372 888 402 940 et
422 881 491 940 vino
515 879 642 940 Genium
664 898 825 940 memorem
849 880 944 941 brevis
965 883 1037 942 aeri.

127 975 169 1027 115
215 965 400 1026 Fescennina
422 982 477 1044 per
498 965 579 1025 bunc
601 965 720 1024 inventa
742 965 860 1026 licentia
881 982 994 1026 morem

214 1049 353 1111 Versibus
376 1050 497 1110 alternis
520 1050 681 1129 opprobria
704 1050 813 1110 rustica
835 1050 920 1120 fudit,

213 1134 407 1212 Libertasque
429 1134 612 1195 recurrentis
634 1143 752 1213 accepta
777 1154 831 1214 per
853 1154 949 1196 annos

213 1220 298 1281 Lusit
320 1219 492 1291 amabiliter,
515 1220 611 1280 donec
633 1220 690 1279 iam
713 1238 816 1280 saevus
838 1229 968 1299 apertam

214 1304 248 1364 ln
272 1304 382 1366 rabiem
406 1306 505 1383 coepit
525 1305 599 1366 verti
620 1304 704 1365 iocus
726 1314 756 1365 et
777 1324 831 1384 per
852 1305 991 1366 honestas

128 1399 171 1450 150
214 1388 260 1450 155
282 1391 385 1451 domos
408 1390 529 1469 impune
552 1390 662 1450 minax.
706 1389 833 1451 lloluere
856 1399 982 1451 cruento

213 1475 309 1536 Dente
330 1476 465 1548 lacessiti,
489 1475 544 1535 fuit
565 1475 682 1535 intactis
705 1493 825 1552 quoque
847 1493 918 1535 cura

215 1559 396 1622 Condicione
418 1579 508 1639 super
529 1560 690 1632 communi,
714 1561 785 1638 quin
810 1560 897 1620 etiam
920 1559 967 1620 lex

214 1645 373 1725 Poenaque
395 1647 462 1718 lata,
485 1646 561 1706 malo
584 1663 659 1723 quae
682 1645 774 1706 nollet
797 1645 927 1706 carmine
950 1663 1128 1726 quemquam

215 1730 362 1793 Describi:
385 1740 500 1792 vertere
523 1730 643 1791 modum
666 1730 825 1791 tormidine
847 1731 933 1791 fustis

128 1824 170 1876 155
215 1818 258 1877 dd
280 1816 358 1877 bene
380 1817 537 1877 dicendum
560 1815 826 1894 delectandumque
849 1815 968 1875 redacti.
991 1849 1032 1859 -

214 1901 335 1962 Graecia
356 1912 441 1980 capta
463 1902 558 1962 ferum
580 1901 720 1961 victorem
744 1901 823 1979 cepit
844 1910 874 1960 et
895 1901 965 1960 artis

214 1986 317 2047 lntulit
339 1987 446 2064 agresti
469 1987 568 2061 Lati03
591 1985 633 2046 sic
655 1986 794 2047 horridus
816 1985 865 2046 ille

214 2070 342 2131 lletluxit
364 2090 507 2131 numerus
530 2071 687 2131 Saturnius
709 2080 739 2131 et
760 2089 847 2149 grave
869 2070 949 2130 virus

215 2154 376 2217 Munditiae
398 2155 549 2234 pepulere,
572 2155 676 2216 sedin
700 2155 823 2234 longum
845 2164 944 2216 tamen
966 2171 1067 2216 aerum
1167 2150 1170 2157 ’

128 2250 171 2301 165
215 2240 389 2302 Manserunt
409 2241 556 2319 hodieque
580 2250 702 2300 manent
723 2240 843 2318 vestigia
865 2240 952 2301 ruris.

216 2327 306 2387 Serus
329 2327 408 2387 enim
431 2326 551 2387 Graecis
572 2325 699 2385 admovit
721 2326 857 2386 acumina
880 2325 988 2386 chartis

215 2411 252 2472 Et
274 2422 342 2491 post
362 2413 475 2473 Punica
496 2411 572 2472 bella
595 2412 713 2488 quietus
735 2429 878 2490 quaerere
901 2410 1008 2489 coepit,

216 2496 293 2566 Quid
317 2497 481 2576 Sophocles
503 2507 533 2558 et
556 2497 680 2577 Thespis
703 2506 733 2558 et
754 2495 915 2575 Aeschylus
937 2495 1009 2555 utile
1030 2495 1156 2555 15555511.

215 2581 380 2660 Temptavit
403 2600 520 2661 quoque
544 2603 617 2655 rem,
638 2584 664 2644 si
686 2583 774 2661 digne
797 2592 912 2641 vertere
935 2588 1043 2659 posset,

129 2675 170 2726 155
215 2665 254 2725 111
275 2667 385 2745 placuit
406 2667 461 2728 sibi
484 2677 588 2727 natura
610 2667 743 2728 sublimis
766 2675 796 2726 et
818 2684 900 2729 acer:

215 2751 288 2810 Nam
310 2752 403 2830 spirat
425 2752 567 2830 tragicum
591 2753 660 2812 satis
682 2762 712 2812 et
734 2752 859 2812 feliciter
881 2751 977 2823 audet,

217 2835 275 2895 Sed
298 2844 415 2915 turpem
438 2845 523 2914 putat
544 2836 648 2896 inseite
670 2837 834 2915 metuitque
857 2835 986 2895 lituram.

217 2919 361 2995 Creditur,
384 2940 420 2981 ex
441 2920 539 2980 medio
563 2921 630 2997 quia
652 2939 700 2982 res
722 2922 853 2992 arcessit,
877 2920 985 2980 babere

216 3006 339 3067 Sudoris
362 3007 527 3080 minimum,
549 3007 600 3066 sed
624 3005 710 3066 babet
731 3005 883 3067 comoedia
905 3013 989 3065 tanto

131 3101 174 3152 115
216 3091 287 3152 Plus
309 3092 418 3166 oneris,
442 3101 551 3170 quanto
575 3092 676 3152 veniae
698 3092 811 3152 miuus:
835 3089 963 3167 adspice,
986 3088 1105 3149 Plautus

216 3176 282 3246 Quo
306 3185 392 3255 paeto
414 3187 513 3256 partes
535 3186 649 3238 tutetur
670 3177 794 3237 amantis
816 3174 934 3254 ephebi,

214 3260 254 3321 Ut
276 3263 367 3340 patris
389 3263 504 3336 attenti,
526 3261 645 3322 lenonis
667 3271 699 3321 ut
721 3260 861 3332 insidiosi,

215 3345 352 3415 Quantus
374 3348 411 3408 sit
433 3348 607 3409 Dossennus
629 3345 768 3407 edacibus
789 3346 819 3405 iu
844 3344 985 3424 parasitis,

215 3431 309 3502 Quam
334 3451 395 3492 non
418 3433 556 3492 adstricto
580 3440 735 3510 percurrat
756 3431 868 3510 pulpita
891 3445 995 3502 socco;

129 3526 172 3576 115
217 3516 311 3578 Gestit
332 3517 410 3577 enim
435 3535 590 3577 nummum
613 3518 643 3576 in
667 3516 780 3576 loculos
802 3515 966 3587 demittere,
989 3509 1136 3591 posthoc

213 3686 222 3736 l
241 3702 264 3736 o.
284 3688 332 3738 142
351 3689 378 3736 51
395 3684 482 3752 pueris
500 3683 545 3749 etl
562 3686 610 3735 145
630 3684 731 3735 invecta
752 3682 877 3736 11115511
895 3681 932 3732 od
943 3679 1087 3730 Claudiani
1104 3677 1210 3742 opitho·

131 3755 241 3805 braium
264 3754 378 3806 Honorio·
409 3753 448 3804 ed.
480 3752 621 3803 eunoun.
648 3753 744 3818 [1165
775 3755 867 3815 tacite,
892 3747 976 3800 Bentl.
1004 3747 1008 3813 Ι
1037 3746 1085 3824 153
1113 3749 1172 3824 natq

129 3824 178 3942 {flag
188 3819 342 3942 (111111111ῗᾶἕέ
353 3820 495 3874 Naualiua
506 3823 570 3870 toste
581 3819 627 3870 Od’
638 3819 642 3887 Ι
660 3822 708 3872 161
721 3820 747 3872 in
760 3820 862 3886 scriptis
875 3843 906 3863 =
919 3816 956 3868 3⁰
964 3830 1009 3881 pr.
1021 3831 1042 3866 a.
1054 3819 1187 3878 inscriptis
