2656 4448
294 932 1031 1030 EPISTULARUM

544 1132 638 1184 LIBER
657 1131 784 1185 PRlMUS.

657 1305 670 1367 l

211 1423 308 1484 Prima
329 1424 407 1484 dicte
430 1423 510 1495 mihi,
532 1441 645 1483 summa
668 1424 792 1484 dicende
815 1423 952 1495 Camena,

212 1506 381 1587 Spectatum
406 1510 475 1569 satis
498 1517 527 1567 et
549 1508 689 1568 donatum
712 1509 769 1568 iam
792 1509 865 1569 rude
889 1510 1019 1587 quaeris,

211 1592 373 1665 Maecenas,
395 1593 503 1654 iterum
527 1594 648 1671 antiquo
672 1612 718 1653 me
741 1594 894 1653 includere
917 1593 996 1655 ludo.

210 1677 277 1739 Non
300 1680 400 1740 eadem
425 1687 469 1738 est
490 1687 578 1749 aetas,
602 1698 662 1738 non
686 1697 780 1739 meus.
827 1679 963 1738 Veianius
984 1680 1072 1740 armis

214 1762 348 1826 Herculis
370 1764 404 1823 ad
428 1772 543 1842 postem
567 1764 631 1823 fixis
653 1764 723 1824 latet
746 1762 862 1824 abditus
884 1781 964 1843 agro,
1186 1777 1200 1825 5

211 1848 253 1909 Ne
276 1849 419 1928 populum
443 1858 572 1908 extrema
596 1849 705 1909 totiens
728 1857 830 1909 exoret
853 1851 972 1909 harena.

211 1931 264 1994 Est
284 1934 356 1994 mihi
378 1942 530 2013 purgatam
554 1933 661 1994 crebro
685 1935 734 2013 qui
759 1944 900 2013 personet
922 1951 1022 1993 aurem

206 2010 308 2080 ‘Solve
330 2028 535 2080 senescentem
559 2029 670 2080 mature
693 2037 782 2081 sanus
804 2038 924 2098 equum,
949 2037 986 2079 ne

210 2103 317 2164 Peccet
338 2104 372 2164 ad
397 2112 560 2165 extremum
584 2105 725 2166 ridendus
748 2115 776 2166 et
798 2105 847 2165 ilia
869 2094 974 2169 ducat'

210 2187 296 2249 Nunc
318 2189 416 2267 itaque
439 2198 468 2248 et
488 2208 590 2251 versus
613 2200 641 2251 et
664 2201 761 2251 cetera
783 2190 895 2250 ludicra
918 2208 1010 2269 pono,
1171 2200 1199 2252 lo

210 2272 288 2344 Quid
310 2291 411 2334 verum
434 2283 521 2352 atque
545 2276 662 2348 decens,
686 2293 759 2335 curo
783 2285 809 2336 et
834 2293 907 2353 rogo
930 2284 960 2335 et
982 2274 1079 2335 omnis
1101 2274 1130 2335 in

891 2359 947 2420 hoc
970 2377 1045 2431 sum,

188 2441 314 2503 'Condo
338 2452 367 2503 et
388 2462 538 2522 compono
561 2462 636 2522 quae
659 2462 726 2504 mox
750 2444 924 2522 depromere
948 2444 1069 2521 possim.

214 2529 256 2587 Ac
281 2547 319 2590 ne
341 2529 418 2589 forte
440 2547 536 2608 roges,
560 2547 618 2606 quo
641 2547 689 2589 me
711 2531 796 2598 duce,
820 2546 879 2605 quo
902 2527 977 2588 Lare
999 2536 1095 2588 tuter:

210 2612 324 2674 Nullius
346 2614 479 2675 addictus
500 2615 597 2674 iurare
620 2614 650 2674 in
674 2613 762 2675 verba
785 2612 916 2690 magistri

210 2696 276 2767 Ouo
300 2717 346 2759 me
370 2717 497 2778 cumque
519 2699 595 2778 rapit
618 2709 785 2778 tempestas,
807 2698 925 2758 deseror
946 2696 1070 2774 hospes;
1169 2707 1196 2757 15

210 2782 296 2845 Nunc
318 2784 401 2862 agilis
423 2785 462 2844 fio
485 2793 514 2844 et
535 2802 651 2845 mersor
673 2784 806 2845 civilibus
829 2783 926 2851 undis,

212 2866 333 2931 Virtutis
355 2887 440 2930 verae
464 2878 563 2930 custos
584 2869 755 2948 rigidusque
777 2868 903 2938 satelles,

209 2952 296 3015 Nunc
318 2955 359 3030 in,
372 2954 512 3034 Aristippi
534 2955 636 3015 furtim
658 2963 814 3034 praecepta
837 2951 954 3014 relabor

209 3036 246 3098 Et
268 3039 340 3099 mihi
361 3057 417 3111 res,
440 3059 502 3100 non
525 3057 572 3114 me
595 3039 684 3101 rebus
706 3038 887 3116 subiungere
909 3053 1012 3097 conor.

210 3122 248 3184 Ut
271 3143 331 3185 nox
352 3124 442 3202 longa
465 3124 574 3202 quibus
596 3125 739 3185 mentitur
761 3124 853 3184 amica
876 3122 999 3199 diesque
1168 3129 1197 3179 m

210 3207 312 3288 Longa
333 3208 448 3269 videtur
470 3229 545 3289 opus
567 3209 752 3283 debentibus,
775 3219 808 3270 ut
829 3209 913 3286 piger
935 3225 1032 3267 annus

210 3292 342 3372 Pupillis,
365 3313 440 3372 quos
463 3295 534 3355 dura
558 3295 665 3374 premit
687 3293 820 3356 custodia
843 3301 980 3363 matrum,

209 3378 258 3438 Sic
280 3379 350 3438 mibi
372 3379 454 3439 tarda
475 3379 571 3440 fluunt
593 3381 766 3459 ingrataque
788 3389 932 3457 tempora,
956 3386 1040 3455 qua'e'
1054 3392 1137 3453 spem

209 3461 428 3542 Consiliumque
451 3474 606 3524 morantur
627 3465 732 3543 agendi
754 3466 867 3525 naviter
888 3464 925 3535 id,
948 3462 1028 3540 quod

207 3553 308 3627 Aeque
331 3549 510 3627 pauperibus
533 3551 662 3628 prodest,
684 3549 883 3627 locupletibus
905 3564 1007 3623 aeque,
1170 3553 1198 3602 aa

207 3635 309 3713 Aeque
332 3633 498 3712 neglectum
522 3634 622 3712 pueris
644 3633 825 3712 senibusque
849 3630 976 3693 nocebit.

208 3816 259 3868 lo.
279 3819 293 3868 3
313 3817 394 3868 ludo?
413 3817 446 3868 al.
462 3815 468 3885 Ι
485 3819 516 3869 14
534 3817 659 3868 adductus
