2656 4448
550 249 681 302 EPODON
699 255 723 305 9.
744 255 783 303 10.

261 421 363 499 Neque
385 420 514 480 Africani
538 421 585 480 cui
607 441 698 500 super
720 422 925 504 Carthaginem

309 507 405 566 Virtus
428 507 597 584 sepulcrum
621 508 760 569 condidit.

262 591 354 652 Terra
376 591 511 669 marique
533 591 626 652 victus
649 593 741 654 bostis
764 597 874 673 punicu

309 676 448 753 Lugubre
471 677 592 735 mutavit
613 695 726 753 sagum,

263 761 322 821 but
343 761 390 821 ille
413 768 532 820 centnm
557 760 687 821 nobilem
711 763 824 825 Cretam
848 765 982 838 urbibus,

307 844 408 906 Ventis
431 845 527 907 iturus
550 865 611 906 nun
635 848 706 920 suis,

263 929 444 990 Exercitatas
467 940 517 990 aut
539 931 613 1009 petit
636 931 729 1011 Syrtis
752 931 828 992 Noto

305 1015 363 1076 Ant
384 1016 480 1075 fertur
502 1016 617 1076 incerto
640 1018 721 1076 mari.
746 1052 788 1061 —

262 1100 435 1179 capaciores
457 1101 540 1160 adfer
563 1102 630 1172 huc,
654 1120 738 1180 puer,
762 1103 890 1180 scyphos

306 1185 343 1245 Et
365 1184 433 1246 Chia
457 1185 522 1245 vina
548 1195 598 1247 aut
621 1186 725 1246 Lesbia

263 1270 323 1342 Vel,
346 1270 425 1348 quad
448 1270 589 1330 fluentem
615 1289 753 1332 nauseam
777 1280 923 1346 coerceat,

309 1355 409 1415 Metire
433 1355 519 1416 nobis
544 1355 726 1416 Caecubum:
778 1392 781 1397 ·

262 1438 367 1500 Curam
391 1449 563 1517 metumque
587 1440 716 1501 Caesaris
740 1458 838 1500 rerum
862 1442 941 1501 iuvat

304 1524 387 1585 Dulci
410 1525 507 1603 Lyaeo
530 1525 651 1585 salvere.

658 1777 684 1837 X

265 1896 338 1957 Mala
361 1897 455 1957 solnta
480 1894 561 1956 navis
585 1897 644 1957 exit
665 1897 741 1970 alite,

308 1981 420 2043 Ferens
443 1983 571 2042 olentem
596 1982 740 2055 Mevium;

262 2065 301 2126 Ut
321 2067 448 2128 horridis
471 2075 631 2144 utrumque
654 2067 792 2128 verberes
814 2067 890 2127 latus

304 2152 419 2224 Auster,
441 2160 601 2224 memento,
624 2152 775 2212 fluctibus:

261 2236 351 2315 Niger
374 2236 507 2298 rudentis
528 2236 626 2297 Eurus
649 2237 765 2298 inverso
789 2237 861 2296 mari

305 2321 485 2400 Fractusque
508 2340 606 2381 remos
628 2321 753 2393 differat,

259 2405 397 2484 insurgat
420 2406 534 2484 Aquilo,
558 2415 686 2483 quantus
709 2406 774 2466 altis
798 2405 949 2465 montibus

301 2491 422 2570 Frangit
444 2492 599 2551 trementis
620 2490 711 2562 ilices,

258 2577 319 2636 Nec
341 2575 421 2636 sidus
443 2584 504 2635 atra
529 2586 615 2635 necte
638 2575 763 2635 amicum
788 2576 933 2653 adpareat,

302 2660 366 2731 Qua
388 2661 480 2720 tristis
504 2660 596 2722 Orion
622 2661 708 2732 cadit,

260 2744 414 2815 Quietiora
438 2746 626 2805 necteretur
650 2763 777 2822 aequore

304 2829 397 2900 Quam
421 2829 504 2890 Graia
528 2831 671 2890 victorum
696 2848 810 2900 manus,

260 2915 331 2975 Cum
355 2915 448 2975 Paitas
470 2923 538 2975 usta
560 2915 648 2974 vertit
670 2915 741 2974 iram
767 2913 802 2973 ab
827 2911 879 2971 llio

304 2999 337 3058 ln
363 3000 479 3078 impiam
504 3000 598 3059 Aiacis
620 3010 723 3059 ratem.
747 3033 789 3043 -

260 3083 284 3143 0
309 3095 437 3161 quantus
459 3085 549 3145 instat
571 3085 674 3145 navitis
696 3085 788 3146 sudnr
810 3082 868 3142 tuis

303 3169 428 3247 Tibique
451 3170 545 3248 pallor
567 3170 664 3230 luteus

260 3253 297 3313 Et
319 3254 365 3314 ilta
390 3275 450 3315 non
474 3255 563 3315 virilis
586 3254 714 3326 eiulatu,

302 3340 410 3400 Preces
432 3349 461 3399 et
483 3359 616 3400 aversum
640 3340 675 3399 ad
698 3340 807 3412 lovem,

261 3423 362 3485 ionius
385 3426 442 3484 udo
467 3443 533 3485 cum
557 3426 727 3502 remugiens
749 3425 833 3485 sinus

301 3510 377 3570 Nutu
400 3509 528 3570 carinam
553 3511 683 3588 ruperiti
1134 3509 1163 3558 20

215 3657 248 3708 lX
267 3675 289 3710 v.
309 3660 464 3711 tabificam
492 3659 541 3721 cui]
561 3659 715 3723 Madvigius
737 3659 795 3709 uda.
816 3660 874 3707 crit.
894 3655 912 3706 ll
932 3658 976 3706 57:
1001 3650 1139 3701 africanum
1165 3653 1204 3702 cni

128 3732 156 3777 et
173 3726 288 3778 africano
308 3729 346 3780 cni
366 3729 431 3778 libri
448 3727 608 3790 Africanam,
627 3728 667 3777 cui
685 3727 812 3776 Fattinus
831 3726 847 3776 l.
866 3723 882 3778 i.
899 3741 925 3790 p.
945 3724 992 3774 625
1018 3718 1021 3784 t
1047 3719 1078 3769 28
1096 3719 1205 3769 mutabit

128 3795 319 3848 Lacbmaimus
337 3797 373 3847 ad
391 3796 469 3846 Lacr.
488 3794 506 3844 ll
526 3796 575 3846 829

219 3862 281 3914 Xv.
304 3867 332 3917 13
358 3869 413 3915 usta
431 3864 619 3913 Lacbmnnaus
642 3860 657 3911 l.
682 3877 703 3911 c.
726 3860 734 3910 l
761 3863 800 3924 10,
821 3859 886 3912 141,
914 3856 918 3925 Ι
947 3861 1020 3922 lttsq.
1047 3857 1102 3907 sinn
1128 3859 1204 3906 notus

126 3935 174 3998 (ε
190 3932 242 3996 Bc

180 4023 297 4067 Horatius.
986 4011 1000 4062 8
