2656 4448
127 228 188 286 132
528 228 718 282 sartandum
736 229 745 280 l
763 231 787 281 3.

209 403 350 462 Porrecto
374 402 474 480 iugulo
496 402 634 462 historias
656 402 788 480 captivus
810 410 843 462 ut
864 401 953 462 audit.

137 498 166 547 90
211 487 379 548 conminxit
402 487 510 547 lectum
533 496 621 565 potus
643 504 780 547 mensave
802 486 930 547 catillum

210 572 340 632 Euandri
362 570 499 632 manibus
520 572 622 631 tritum
645 571 764 632 deiecit:
788 571 827 632 ob
850 572 927 631 hanc
948 590 1011 632 rem

210 658 267 718 Aut
288 658 417 736 positum
440 666 508 717 ante
530 675 594 716 mea
617 657 685 734 quia
708 657 821 735 pullum
843 657 872 716 in
896 665 979 735 parte
1002 659 1092 719 catini

211 743 333 803 Sustulit
356 742 500 812 esuriens,
523 742 621 802 minus
643 742 700 801 hoc
722 743 869 802 iucundus
891 741 1003 803 amicus

210 827 253 888 Sit
275 825 368 886 mihi?
391 826 467 897 Quid
491 826 604 900 laciam,
627 827 652 887 si
674 827 786 887 lurtum
809 826 913 887 lecerit
934 828 1030 890 autai

137 921 166 970 15
210 912 376 972 Prodiderit
397 911 543 971 conmissa
567 913 623 972 lide
646 929 824 990 sponsumve
848 910 982 988 negarit?

211 997 283 1068 Quis
305 997 384 1075 paria
408 1015 472 1056 esse
494 996 556 1056 fere
578 996 689 1075 placuit
711 1006 839 1075 peccata,
863 996 1008 1071 laborant,

212 1082 284 1142 Cum
308 1090 427 1142 rentum
450 1081 485 1141 ad
508 1100 609 1141 verum
632 1090 691 1155 est;
721 1101 826 1143 sensus
848 1099 1006 1160 moresque
1029 1093 1198 1164 repugnant

211 1171 306 1244 Atque
328 1167 391 1244 ipsa
414 1166 532 1239 utilitaS,
556 1166 624 1227 iusti
646 1185 740 1245 prope
762 1176 855 1227 mater
877 1175 907 1226 et
928 1168 1024 1245 aequi.
1047 1202 1088 1212 —

213 1250 286 1312 Cum
308 1261 523 1330 prorepserunt
544 1252 647 1329 primis
670 1252 803 1312 animalia
826 1252 921 1322 terris

128 1343 170 1393 1⁰0
212 1335 326 1396 Mutum
341 1346 370 1396 et
384 1346 472 1414 turpe
488 1355 588 1414 pecus,
604 1336 740 1414 glandem
757 1345 844 1415 atque
860 1334 966 1396 cubilia
982 1345 1106 1416 propter

210 1420 365 1499 Unguibus
387 1431 417 1482 et
439 1422 556 1500 pugnis,
579 1421 647 1482 dein
671 1422 806 1495 lustibus,
830 1431 917 1500 atque
940 1421 978 1481 ita
1001 1440 1093 1500 porro

211 1506 387 1584 Pugnabant
409 1507 507 1580 armis,
530 1525 604 1585 quae
627 1519 694 1585 post
715 1506 908 1568 fabricaverat
930 1524 1010 1577 usus,

212 1592 314 1653 Donec
336 1591 433 1664 verba,
457 1591 564 1669 qulbus
586 1611 672 1652 voces
694 1610 860 1670 sensusque
883 1600 1032 1663 notarent,

211 1677 395 1756 Nominaque
418 1678 573 1751 invenere;
597 1677 703 1737 debinc
727 1677 868 1738 absistere
891 1675 978 1748 bello,

127 1771 168 1821 105
214 1761 327 1842 Oppida
351 1771 516 1842 coeperunt
537 1762 654 1821 munire
677 1770 706 1821 et
726 1780 840 1840 ponere
861 1762 952 1839 leges,

211 1847 321 1926 Nequis
343 1850 390 1908 lur
413 1857 490 1907 esset
512 1865 570 1908 neu
593 1846 668 1906 latro
692 1847 819 1924 neuquis
841 1846 964 1906 adulter.

209 1931 282 1993 Nam
304 1933 360 1993 luit
382 1944 449 1992 ante
473 1931 615 1991 Helenam
638 1950 756 1992 cunnus
778 1932 944 1991 taeterrima
965 1929 1036 1990 belli

211 2015 313 2090 Causa,
337 2017 387 2077 sed
410 2017 518 2094 ignotis
540 2017 695 2094 perierunt
716 2016 861 2076 mortibus
884 2016 934 2086 illi,

212 2101 293 2171 Quos
316 2101 461 2160 Venerem
484 2100 625 2160 incertam
649 2101 792 2178 rapientis
814 2119 896 2160 more
919 2101 1048 2160 terarum

126 2193 168 2242 110
211 2183 328 2245 Viribus
351 2185 456 2245 editior
479 2185 625 2258 caedebat,
650 2186 732 2245 utin
757 2205 845 2264 grege
866 2194 977 2245 taurus.

212 2270 278 2329 lura
302 2271 419 2330 inventa
441 2279 521 2331 metu
544 2270 645 2330 iniusti
668 2271 776 2330 fateare
800 2289 920 2331 necesse
943 2278 995 2342 est,

212 2355 358 2434 Tempora
381 2355 404 2415 si
427 2357 577 2433 fastosque
599 2356 670 2415 velis
693 2356 823 2416 evolvere
846 2355 958 2415 mundi.

211 2440 272 2500 Nec
295 2450 398 2500 natura
420 2449 519 2519 potest
540 2440 616 2501 iusto
639 2459 796 2501 secernere
818 2441 963 2518 iniquum,

213 2525 318 2585 Dividit
340 2535 372 2585 ut
394 2524 472 2586 bona
495 2525 624 2598 dirersis,
648 2526 786 2604 fugienda
808 2525 953 2604 petendis,

128 2617 169 2668 115
212 2610 273 2671 Ν11
297 2611 392 2671 vincet
414 2611 488 2671 ratio
512 2611 577 2681 hoc,
601 2613 772 2670 tantundem
796 2621 829 2671 ut
849 2619 953 2688 peccet
975 2609 1112 2685 idemque

213 2695 270 2764 Qui
290 2706 410 2756 teneros
433 2695 522 2756 caulis
544 2696 632 2755 alieni
655 2697 775 2774 fregerit
797 2695 875 2755 horti

212 2780 250 2840 Et
272 2782 321 2858 qui
346 2790 512 2842 nocturnus
534 2799 616 2841 sacra
638 2780 734 2840 divum
758 2781 876 2857 legerit:
901 2778 975 2838 adsit

212 2865 333 2944 Regula,
356 2866 483 2945 peccatis
506 2884 580 2944 quae
602 2884 715 2943 poenas
737 2867 855 2944 inroget
876 2882 992 2941 aequae,

211 2950 255 3011 Ne
276 2952 387 3011 scutica
409 2953 531 3029 dignum
553 2950 687 3011 horribili
709 2960 822 3011 sectere
844 2948 966 3028 flagello.

127 3042 170 3092 111
211 3036 283 3095 Nam
307 3046 340 3096 ut
361 3038 454 3097 lerula
476 3036 579 3096 caedas
600 3037 738 3097 meritum
761 3037 870 3095 maiora
892 3033 993 3095 subire

213 3118 351 3192 Verbera,
375 3140 435 3180 non
458 3140 571 3194 vereor,
596 3140 663 3181 cum
687 3121 765 3181 dicas
788 3141 851 3181 esse
874 3119 953 3198 paris
975 3136 1023 3178 res

214 3202 305 3263 Furta
326 3204 487 3265 latrociniis
509 3214 538 3265 et
559 3207 673 3285 magnis
695 3224 783 3284 parva
804 3205 927 3265 mineris
1011 3245 1015 3254 ι

213 3287 300 3348 Falce
322 3289 485 3349 recisurum
508 3290 594 3349 simili
617 3300 655 3363 te,
678 3291 702 3351 si
724 3290 777 3350 tibi
799 3308 923 3369 regnum

214 3371 390 3433 Permittant
412 3373 555 3435 homines.
600 3375 630 3434 Si
654 3375 743 3449 dives,
766 3376 817 3453 qui
840 3375 959 3454 sapiens
982 3382 1035 3446 est,

129 3466 170 3516 125
213 3457 252 3518 Et
273 3468 356 3519 sutor
377 3458 475 3519 bonus
497 3468 526 3519 et
546 3459 627 3520 solus
649 3462 797 3522 formosus
820 3470 849 3520 et
871 3469 916 3520 est
937 3477 999 3531 rex,

214 3541 274 3603 Cur
297 3553 380 3622 optas
403 3545 480 3622 quod
504 3543 614 3606 habes?
656 3538 741 3606 ‘Non
765 3546 858 3617 nosti,
888 3543 959 3622 quid
982 3530 1076 3622 pater’
1103 3537 1200 3618 inquit

210 3620 406 3709 ‘Chrysippus
428 3630 519 3691 dicat:
542 3631 659 3710 sapiens
682 3631 815 3711 crepidas
838 3629 893 3691 sibi
916 3645 1079 3705 numquam

129 3762 332 3771 ———

215 3848 244 3899 lll
261 3865 284 3898 v.
306 3852 352 3901 101
379 3847 512 3899 deterrima
540 3848 544 3915 1
573 3852 619 3900 111
645 3848 731 3900 diuum
754 3863 824 3901 sacra
850 3847 856 3913 1
885 3850 933 3900 119
958 3862 1006 3898 nec
1032 3848 1036 3913 Ι
1066 3846 1113 3898 121
1133 3856 1201 3897 nunc

128 3917 162 3966 A.
180 3917 301 3984 Palmerl
319 3919 367 3970 128
386 3932 436 3984 quo
