2656 4448
126 202 190 262 232
506 203 546 257 nn
564 159 816 258 2222222221.

213 375 252 436 Ut
273 376 375 438 redeat
397 377 520 450 miseris,
544 377 629 438 abeat
651 376 783 438 Fortuna
805 377 950 456 superbis.

216 459 300 520 Tibia
322 481 394 535 non,
416 471 450 523 ut
471 480 563 536 nunc,
587 462 735 523 orichalco
757 462 855 523 vincta
877 463 1023 541 tubaeque

215 546 347 622 hemula,
369 547 421 608 sed
444 548 541 609 tenuis
562 547 744 626 simplexque
766 548 911 608 foramine
934 566 1029 627 pauco

214 629 373 710 Adspirare
395 640 425 693 21
446 632 547 694 adesse
570 633 668 694 choris
690 640 754 693 erat
775 633 853 693 utilis
876 642 963 710 atque

127 725 170 777 202
214 715 352 778 Nondum
375 717 468 796 spissa
491 717 578 778 nimis
601 717 750 797 complere
772 717 874 778 sedilia
896 718 976 792 tlatu,

213 799 280 870 Quo
303 819 374 862 sane
396 802 526 881 populus
548 802 750 876 numerabilis,
772 811 874 881 utpote
897 821 1014 882 parvus,

213 884 251 945 m
272 887 350 964 frugi
373 895 530 965 castusque
551 887 795 967 verecundusque
818 888 924 948 coibat.

215 970 377 1050 Postquam
400 973 497 1051 coepit
519 990 605 1052 agros
628 972 787 1034 extendere
808 973 902 1033 victor
924 981 954 1034 et
974 971 1058 1033 urbis

216 1054 315 1116 latior
337 1057 473 1136 amplecti
495 1075 599 1119 murus
619 1057 748 1137 vinoque
770 1057 878 1118 diurno

128 1149 171 1200 210
214 1140 327 1201 Placari
350 1141 461 1202 Genius
483 1142 565 1203 122122
587 1142 708 1221 impune
731 1141 843 1216 diebus,

216 1225 348 1286 12222221
370 1226 562 1305 numerisque
586 1227 740 1307 modisque
762 1227 878 1287 licentia
901 1226 1003 1287 maior.

217 1310 358 1372 Indoctus
381 1311 451 1389 quid
474 1312 554 1372 enim
576 1321 694 1391 saperet
715 1312 848 1390 liberque
870 1311 1004 1372 laborum

214 1395 354 1457 Rusticus
376 1396 491 1457 urbano
514 1398 665 1470 confusus,
688 1397 783 1477 turpis
805 1395 953 1458 honesto?

215 1480 264 1542 Sic
286 1481 399 1560 priscae
422 1491 594 1561 motumque
616 1491 646 1543 et
667 1483 812 1544 luxuriem
835 1481 944 1543 addidit
963 1480 1019 1542 arti

130 1573 173 1624 215
216 1565 338 1626 Tibicen
363 1567 509 1646 traxitque
531 1585 622 1645 vagus
643 1586 698 1647 per
720 1567 832 1647 pulpita
855 1578 980 1643 vestem;

217 1650 265 1711 Sic
289 1651 376 1711 etiam
399 1651 507 1713 fidibus
528 1671 615 1713 voces
638 1671 756 1714 crevere
777 1653 886 1713 severis

216 1735 251 1796 m
275 1736 342 1797 tulit
364 1736 514 1815 eloquium
537 1737 688 1798 insolitum
711 1737 847 1799 facundia
870 1755 1013 1817 praeceps

215 1820 397 1899 Utiliumque
420 1840 506 1900 sagax
529 1841 628 1883 rerum
651 1831 681 1883 et
702 1822 799 1883 divina
821 1823 913 1884 suturi

219 1905 373 1984 Sortilegis
396 1926 457 1968 non
481 1908 644 1986 discrepuit
665 1908 812 1968 sententia
835 1906 963 1985 Delphis.
988 1938 1027 1948 —

134 1998 177 2049 220
220 1989 355 2051 Carmine
378 1992 428 2070 qui
451 1993 561 2070 tragice
586 1992 670 2052 vilem
694 1991 811 2052 certavit
835 1990 873 2051 ob
897 1991 1020 2063 hircum,

216 2075 282 2135 blox
306 2075 393 2134 etiam
415 2077 538 2153 agrestis
561 2077 679 2155 Satyros
702 2076 820 2136 nudavit
842 2083 871 2134 et
892 2093 979 2154 asper

217 2159 362 2219 incolumi
385 2159 525 2238 gravitate
546 2160 644 2220 iocum
668 2159 818 2239 temptavit
840 2178 885 2234 ee,
908 2160 986 2238 quod

218 2242 380 2305 inlecebris
403 2253 466 2305 erat
487 2253 517 2304 et
539 2254 620 2324 grata
645 2245 772 2305 novitate
796 2245 957 2305 morandus

217 2330 373 2408 Spectator
395 2330 574 2408 functusque
596 2329 687 2391 sacris
710 2338 739 2391 et
760 2339 849 2409 potus
871 2340 901 2389 et
923 2330 1015 2390 exlex.

130 2421 173 2474 225
217 2414 325 2475 Verum
348 2414 527 2489 derisores,
550 2415 588 2475 ita
611 2415 819 2477 commendare
842 2414 949 2476 dicacis

219 2498 384 2561 Conveniet
405 2500 534 2580 Satyros,
557 2501 596 2560 ita
617 2508 731 2562 vertere
753 2500 828 2562 seria
851 2500 931 2571 ludo,

218 2585 261 2646 Ne
285 2585 464 2665 quicumque
486 2585 568 2660 deus,
591 2586 770 2664 quicumque
792 2585 980 2647 adhibebitur
1001 2584 1098 2654 heros,

219 2670 320 2748 Regali
345 2679 523 2749 conspectus
546 2671 576 2731 in
601 2688 673 2732 auro
697 2689 794 2750 nuper
816 2679 846 2732 et
868 2679 959 2744 ostro,

220 2754 327 2832 bligret
348 2755 380 2814 in
403 2754 544 2816 obscuras
566 2755 668 2815 humili
693 2774 832 2817 sermone
853 2754 991 2815 tabernas

135 2848 178 2900 200
221 2840 288 2914 hut,
312 2840 381 2900 dum
404 2841 474 2900 vitat
496 2841 628 2913 humum,
653 2840 741 2901 nubis
764 2849 793 2901 et
815 2841 912 2901 inania
935 2847 1040 2919 captet.

220 2923 345 2985 Ellutire
369 2925 439 2986 levis
462 2924 582 3004 indigna
605 2926 753 3003 tragoedia
775 2943 885 2998 versus,

219 3008 258 3070 Ut
280 3010 362 3070 122122
383 3018 518 3071 matrona
541 3011 651 3071 moveri
674 3011 752 3072 iussa
774 3009 887 3083 diebus,

220 3094 360 3155 lntererit
382 3095 492 3176 Satyris
514 3095 644 3174 paullum
669 3094 840 3174 pudibunda
863 3094 1016 3174 protervis.

220 3178 287 3240 Non
311 3198 365 3260 ego
389 3180 526 3241 inornata
549 3189 578 3241 et
600 3180 781 3241 dominantia
805 3180 924 3240 nomina
947 3179 1040 3240 solum

133 3273 177 3324 205
221 3263 386 3343 Verbaque,
410 3265 542 3340 Pisones,
566 3265 737 3345 Satyrorum
760 3265 888 3345 scriptor
910 3264 1023 3336 amabo,

221 3348 283 3410 Ν22
305 3349 347 3410 222
370 3351 465 3411 222122
487 3350 600 3428 tragico
622 3351 741 3411 differre
765 3350 867 3423 colori,

221 3433 260 3494 Ut
283 3433 356 3495 nihil
379 3435 504 3510 intersit,
527 3436 662 3496 Davusne
685 3436 824 3514 loquatur
846 3444 876 3495 21
898 3433 990 3495 audax

220 3518 346 3599 Pythias,
370 3530 508 3581 emuncto
531 3520 642 3581 lucrata
664 3520 784 3582 Simone
806 3519 959 3594 talentum,

221 3606 265 3664 An
290 3612 390 3666 custos
412 3604 599 3683 famulusque
621 3604 667 3666 dei
690 3605 808 3666 Silenus
830 3605 950 3666 alumni.

131 3741 332 3750 ———-—

167 3838 170 3842 “
218 3839 242 3875 2
261 3825 308 3876 201
337 3822 448 3874 Fortuna
475 3823 534 3874 H·P
557 3822 616 3874 Art:
642 3823 742 3876 fortuna
768 3821 774 3891 Ι
802 3825 851 3877 202
878 3823 962 3874 122212
988 3821 992 3890 Ι
1017 3821 1065 3874 tue
1093 3834 1175 3919 paruo
1201 3822 1208 3888 l

134 3891 410 3959 21412222221221
430 3894 515 3954 et]==
482 3890 581 3945 ==;B⁸
601 3907 632 3942 an
