2656 4448
532 250 662 304 EPODON
683 252 721 304 12.
742 255 781 304 18.

637 422 690 483 xit

210 539 286 610 Quid
309 540 362 600 tibi
385 540 435 612 vis,
459 528 564 600 mulier
586 541 678 618 nigris
700 541 871 618 dignissima
894 542 1009 605 barris?

277 624 400 685 Munera
422 625 492 703 quid
514 625 586 685 mihi
609 625 715 704 quidve
737 626 858 687 tabellas

208 708 298 771 Mittis
320 728 375 770 nec
398 711 483 771 tirmo
507 710 605 771 inveni
629 729 684 770 nec
707 712 786 771 naris
809 711 938 772 obesae?

276 795 409 872 Namque
432 796 565 874 sagacius
587 814 666 856 unus
688 794 806 871 odoror,

207 880 335 959 Polypus
357 898 393 939 an
417 881 513 959 gravis
535 880 656 941 hirsutis
679 880 767 940 cubet
788 881 887 942 hircus
910 885 940 944 in
963 883 1025 957 alis,
1138 896 1153 944 5

275 965 369 1036 Quam
391 965 473 1026 canis
495 984 562 1026 acer
585 964 635 1024 ubi
658 965 746 1025 lateat
767 984 827 1026 sus

208 1050 265 1121 Qui
287 1050 378 1110 sudor
398 1052 482 1111 vietis
505 1059 534 1111 et
556 1068 643 1127 quam
667 1051 760 1110 maius
782 1052 914 1130 undique
937 1053 1078 1116 membris

274 1134 387 1196 Crescit
408 1136 490 1208 odor,
514 1154 581 1196 cum
604 1153 681 1214 pene
703 1136 799 1196 soluto

208 1220 384 1281 lndomitam
408 1229 549 1299 properat
571 1219 682 1280 rabiem
705 1221 807 1280 sedare
830 1241 928 1300 neque
951 1223 991 1284 illi

275 1306 335 1365 lam
358 1315 457 1366 manet
479 1304 577 1365 umida
600 1315 679 1364 creta
703 1306 844 1383 colorque
1127 1320 1153 1370 10

121 1409 124 1414 ·
208 1389 345 1451 Stercore
369 1391 483 1451 fucatus
506 1388 647 1449 crocodili
670 1390 785 1468 iamque
808 1391 944 1453 subando

275 1475 369 1535 Tenta
391 1474 500 1534 cubilia
521 1482 657 1552 tectaque
680 1476 807 1552 rumpit:

207 1559 260 1620 Vel
282 1579 346 1620 mea
369 1578 436 1619 oum
459 1560 551 1619 saevis
574 1558 663 1636 agitat
685 1559 795 1618 fastidia
820 1560 931 1621 verbis:

272 1640 406 1704 ‘Inachia
428 1640 551 1723 lang‘ues
573 1644 671 1703 minus
694 1661 727 1702 ac
749 1663 804 1714 me,

208 1728 356 1789 Inachiam
381 1740 425 1789 tor
447 1738 534 1789 nocte
558 1737 651 1807 potes,
674 1728 746 1787 mihi
767 1747 884 1808 semper
905 1730 942 1790 ad
964 1749 1056 1791 unum
1125 1741 1153 1791 15

276 1814 371 1874 Mollis
393 1815 485 1893 opust
509 1823 610 1892 pereat
632 1814 715 1886 male,
740 1832 815 1892 quae
837 1822 865 1873 te

208 1898 311 1960 Lesbia
336 1899 489 1977 quaerenti
513 1908 630 1959 taurum
653 1899 826 1959 monstravit
848 1899 983 1973 inertem,

276 1984 347 2044 Cum
372 1985 443 2045 mihi
467 1984 543 2045 Cous
565 1984 679 2044 adesset
700 1984 849 2063 Amyntas

209 2067 298 2130 Cuius
320 2070 350 2129 in
375 2069 518 2130 indomito
541 2069 725 2130 constantior
748 2069 870 2147 inguine
893 2089 1000 2132 nervus

276 2153 369 2224 Quam
395 2173 466 2214 nova
490 2154 615 2215 collibus
637 2154 727 2214 arbor
749 2155 891 2214 inhaeret.
1126 2167 1155 2215 tu

210 2237 371 2299 Muricibus
393 2239 488 2319 Tyriis
510 2241 629 2299 iteratae
651 2239 758 2299 vellera
780 2239 863 2300 lanae

276 2324 329 2384 Cui
351 2322 610 2403 properabantur‘?
633 2323 687 2383 tibi
711 2342 826 2403 nempe,

209 2408 251 2468 Ne
273 2409 351 2468 foret
372 2410 501 2487 aequalis
523 2411 602 2468 inter
625 2409 754 2480 conviva,
777 2409 869 2486 magis
892 2426 980 2487 quem

277 2493 417 2571 [diligeret
439 2494 545 2553 mulier
567 2511 619 2553 sua
643 2511 729 2569 quam
752 2503 791 2552 te.

210 2577 234 2639 Ο
259 2595 313 2655 ego
337 2597 398 2637 non
422 2578 499 2649 felix,
523 2596 610 2655 quam
633 2586 664 2636 tu
687 2576 774 2654 iugis,
797 2585 829 2636 ut
851 2584 937 2655 pavet
959 2575 1034 2636 acris
1127 2589 1154 2636 to

277 2665 360 2739 Agna
384 2663 470 2740 lupos
493 2680 674 2741 capreaeque
696 2653 826 2721 leonesl'

626 2913 695 2973 xltl

208 3033 333 3094 Horrida
358 3043 514 3113 tempestas
536 3035 648 3097 caelum
672 3034 818 3096 contraxit
840 3042 870 3093 et
891 3033 999 3093 imbres

276 3119 422 3198 Nivesque
444 3120 594 3179 deducunt
616 3122 728 3195 lovem;
752 3137 834 3179 nunc
856 3137 944 3191 mare,
968 3136 1050 3179 nnnc
1072 3118 1163 3179 siluae

210 3203 344 3264 Threicio
368 3206 513 3282 Aquilone
536 3217 658 3266 sonant:
681 3205 837 3283 rapiamus,
860 3204 962 3275 amice,

278 3289 471 3350 Occasionem
496 3291 531 3350 de
553 3291 610 3366 die,
634 3291 763 3368 dumque
785 3289 883 3349 virent
903 3307 999 3368 genua

210 3372 247 3433 Et
269 3374 363 3443 decet,
387 3374 512 3434 obducta
535 3377 663 3437 solvatur
685 3377 784 3435 fronte
806 3384 954 3435 senectus.
1140 3386 1154 3433 o

277 3459 322 3519 Tu
345 3459 411 3519 vina
433 3459 582 3537 Torquato
606 3481 689 3522 move
713 3459 834 3521 consule
857 3477 957 3538 pressa
979 3476 1055 3530 meo,

213 3725 257 3777 xtl
275 3743 297 3778 o.
318 3730 333 3779 2
351 3727 541 3794 eur..quidne
560 3743 575 3776 o
593 3723 1196 3793 our..curue(o){bofiVind.leot.Berol.

126 3799 190 3845 dcet.
208 3811 234 3846 a.
255 3797 320 3848 1888
341 3812 367 3848 n.
386 3799 402 3847 4
420 3796 440 3861 *t
457 3799 461 3860 Ι
477 3799 509 3847 22
528 3795 730 3863 properabuntur
745 3794 749 3862 Ι
765 3797 797 3847 25
816 3794 906 3845 infelix
921 3796 925 3854 Ι
942 3807 1017 3859 quem

126 3861 263 3995 &ogygi
285 3867 343 3917 o.3
368 3865 474 3928 ‚amice‚]
500 3863 598 3915 uentu:
625 3863 699 3913 amici
725 3862 804 3925 (moto
831 3878 891 3913 oum
919 3862 1046 3927 rapiamus
1072 3876 1107 3910 so.
1136 3875 1195 3910 con-

961 4014 993 4066 8*
