2656 4448
183 224 244 283 206

533 224 762 278 EPISTULARUM
778 227 789 278 l
808 231 847 280 ll.
866 229 906 281 18.

270 397 428 459 Rettuleris
449 416 592 476 pannum.
636 398 725 459 Refer
747 411 776 458 et
798 400 863 460 sine
884 398 960 459 vivat
982 399 1116 479 ineptusl
1140 436 1181 446 -

268 483 326 544 Res
348 501 452 562 gerere
474 491 504 543 et
526 491 628 561 captos
651 484 808 545 ostendere
830 485 942 546 civibus
964 484 1066 558 bostis,

267 567 393 646 Attingit
414 568 521 629 solium
543 568 619 628 lovis
641 576 671 628 et
693 569 827 629 caelestia
849 578 987 648 temptat:

269 652 456 732 Principibus
477 653 623 731 placuisse
646 654 714 714 viris
738 674 797 715 oon
821 655 923 715 ultima
944 654 1008 715 laus
1030 663 1083 714 est.

266 739 332 799 Non
356 738 447 799 cuivis
468 738 582 799 bomini
605 739 753 816 contingit
774 739 854 799 adire
877 739 1063 802 Corinthum.

265 823 348 885 Sedit
370 824 421 902 qui
442 823 548 895 timuit,
573 842 610 883 ne
633 843 694 885 non
717 824 904 885 succederet:
924 819 1019 885 ‘Esto

266 908 353 983 Quid,
377 909 427 988 qui
450 908 594 987 pervenit,
616 910 725 969 fecitne
746 905 905 969 viriliterl’
950 909 1039 987 Atqui

265 994 320 1055 llic
343 1003 387 1054 est
409 1002 461 1054 aut
483 1012 626 1071 nusquam
651 995 730 1072 quod
753 994 930 1073 quaerimus.
964 994 1019 1054 Hic
1043 1012 1120 1055 onus
1142 995 1254 1071 horret,

263 1079 303 1140 Ut
323 1080 421 1159 parvis
443 1078 549 1138 animis
571 1088 601 1138 et
622 1097 712 1158 parvo
735 1097 860 1159 corpore
882 1080 985 1154 maius,

263 1163 318 1225 Hic
341 1163 421 1225 subit
443 1175 473 1225 et
494 1165 616 1243 perfert.
660 1165 718 1224 dut
739 1165 832 1226 virtus
855 1183 964 1225 nomen
987 1165 1077 1225 inane
1099 1173 1153 1234 est,

262 1248 321 1309 Aut
342 1250 432 1310 decus
454 1258 484 1310 et
504 1250 633 1329 pretium
657 1257 737 1310 recte
759 1250 834 1328 petit
855 1249 1013 1328 experiens
1034 1249 1086 1309 vir.
1111 1285 1152 1294 -

264 1336 369 1398 Coram
392 1353 462 1414 rege
484 1352 537 1395 sua
560 1335 595 1395 de
618 1342 791 1413 paupertate
814 1343 946 1396 tacentes

263 1423 333 1482 Plus
356 1429 498 1500 poscente
520 1421 626 1480 ferent.
670 1419 772 1492 Distat,
795 1437 933 1481 sumasne
955 1419 1103 1497 pudenter

263 1507 309 1568 An
331 1507 444 1585 rapias;
467 1505 548 1583 atqui
571 1522 670 1564 rerum
694 1514 784 1583 caput
804 1505 861 1565 boc
884 1513 957 1577 erat,
979 1503 1027 1564 hic
1049 1505 1127 1565 lons.

260 1585 407 1652 ‘lndotata
429 1590 501 1650 mihi
524 1608 609 1651 soror
631 1597 684 1663 est,
708 1590 888 1669 paupercula
911 1595 1005 1649 mater

261 1677 298 1738 Et
319 1677 431 1738 lundus
453 1695 510 1736 nec
532 1674 689 1737 vendibilis
712 1693 767 1735 nec
788 1692 909 1754 pascere
933 1668 1043 1734 firmus'

262 1762 319 1833 Qui
342 1762 422 1836 dicit,
444 1763 550 1822 clamat
569 1753 691 1821 ‘victum
714 1753 829 1835 datel'3
851 1759 979 1821 succinit
1000 1759 1074 1819 alter

256 1841 309 1908 ‘Et
331 1841 451 1922 mibil';
475 1846 591 1907 dividuo
614 1845 745 1905 findetur
766 1864 891 1907 munere
914 1844 1033 1923 quadra.
1121 1849 1124 1858 '

262 1932 318 1993 Sed
340 1934 447 1994 tacitus
469 1933 550 2011 pasci
573 1932 597 1992 si
619 1942 721 2009 posset
742 1948 857 2003 corvus,
880 1929 1003 1991 haberet

260 2016 330 2078 Plus
353 2019 435 2097 dapis
458 2026 488 2077 et
509 2017 588 2077 rixae
609 2016 703 2077 ‘multo
727 2016 826 2076 miuus
848 2015 1041 2093 invidiaeque.
1064 2048 1106 2058 -

259 2101 450 2163 Brundisium
474 2120 573 2162 comes
595 2110 646 2160 aut
668 2101 846 2161 Surrentum
869 2099 975 2161 ductus
996 2116 1165 2173 amoenum,

259 2186 317 2257 Qui
340 2188 475 2265 queritur
496 2185 625 2246 salebras
648 2194 677 2246 et
697 2185 838 2246 acerbum
861 2186 954 2263 frigus
976 2194 1006 2245 et
1027 2182 1131 2244 imbris

257 2273 316 2332 Aut
338 2273 439 2333 cistam
463 2271 612 2331 effractam
636 2280 666 2332 et
687 2270 830 2331 subducta
852 2269 955 2331 viatica
978 2269 1083 2348 plorat,

233 2422 235 2427 ,
257 2359 333 2419 Nota
356 2358 448 2418 refert
469 2356 632 2417 meretricis
654 2357 800 2428 acumina,
823 2374 911 2434 saepe
934 2354 1075 2429 catellam,

259 2443 353 2522 Saepe
375 2441 578 2523 periscelidem
603 2451 716 2521 raptam
739 2441 795 2503 sibi
818 2441 925 2515 flentis,
948 2440 990 2501 uti
1012 2457 1081 2499 mox

257 2529 343 2590 Nulla
366 2530 438 2589 fides
460 2528 574 2588 damnis
595 2528 731 2606 verisque
754 2527 906 2588 doloribus
928 2525 1011 2586 adsit.

260 2615 321 2676 Nec
343 2614 434 2675 semel
456 2613 566 2674 inrisus
587 2613 681 2673 triviis
703 2612 844 2673 adtollere
866 2619 950 2672 curat

259 2699 367 2760 Fracto
390 2716 478 2760 crure
502 2698 634 2777 planum,
657 2697 726 2758 licet
747 2697 788 2757 illi
810 2695 936 2776 plurima
959 2703 1058 2756 manet

259 2784 401 2859 Lacrima,
424 2802 478 2864 per
500 2792 637 2844 sanctum
660 2782 772 2843 iuratus
794 2781 872 2842 dicat
894 2781 1017 2842 Osirim:

253 2863 397 2944 ‘Credite
421 2888 481 2930 non
505 2869 591 2941 ludo;
614 2866 758 2941 crudeles,
781 2867 875 2927 tollite
897 2856 1052 2927 claudum.¹

257 2951 387 3028 ‘Quaere
409 2944 609 3035 peregrinum'
635 2953 739 3013 vicinia
763 2970 850 3013 rauca
874 2952 1020 3013 reclamat.

633 3125 786 3134 ...-—-—

661 3242 752 3303 XVlll

258 3365 290 3425 Si
315 3363 392 3424 bene
413 3373 442 3424 te
465 3364 542 3436 novi,
565 3372 690 3433 metues,
712 3360 860 3421 liberrime
883 3358 967 3432 Lolli,

259 3449 428 3510 Scurrantis
450 3449 579 3528 speciem
601 3447 753 3528 praebere,
775 3445 927 3525 professus
949 3444 1084 3505 amicum.

259 3535 297 3596 Ut
319 3542 453 3595 matrona
476 3533 623 3596 meretrici
646 3533 744 3611 dispar
766 3531 822 3592 erit
843 3538 931 3607 atque

259 3619 404 3696 Discolor,
426 3620 518 3681 infido
541 3636 660 3680 scurrae
682 3615 801 3680 distabit
823 3615 942 3676 amicus.

261 3855 329 3907 xvu
346 3873 370 3908 o.
389 3858 421 3907 37
434 3871 472 3920 sq.
487 3846 564 3906 ‘esto
574 3882 607 3890 —
617 3849 765 3917 virilitert’]
783 3852 841 3903 AK:
860 3856 924 3903 esto.
935 3881 966 3889 -
978 3849 1103 3902 viriliter?
1119 3847 1124 3917 Ι
1139 3851 1173 3901 ta
1192 3850 1249 3913 sna]

171 3928 208 3991 (a)
226 3926 323 3977 beau:
343 3940 389 3976 suo
405 3926 409 3990 l
425 3924 458 3975 49
475 3916 511 3973 ‘et
529 3922 590 3972 mihi
602 3950 636 3961 -
648 3918 760 3988 quadra?
780 3922 815 3973 ad
