2656 4448
356 1017 394 1096 o.
418 1015 596 1084 nonnru
618 1016 770 1086 runem

295 1186 333 1284 Ο
360 1191 404 1282 Α
432 1189 560 1301 RM
587 1189 612 1283 Ι
640 1190 684 1285 Ν
710 1189 756 1288 U
783 1190 837 1284 M
896 1254 900 1260 -

445 1368 538 1420 LIBER
556 1369 685 1425 PRIMUS.

558 1504 571 1563 Ι

154 1626 311 1686 Maecenas
325 1623 413 1684 atavis
429 1623 504 1683 edite
519 1622 648 1700 regibus,

154 1711 181 1772 Ο
197 1719 227 1771 et
241 1708 416 1790 praesidium
433 1715 462 1768 et
477 1707 561 1768 dulce
575 1708 665 1770 decus
680 1728 787 1783 meum,

157 1796 232 1857 Sunt
246 1813 321 1874 quos
335 1792 484 1854 curriculo
500 1793 650 1872 pulverem
666 1793 851 1875 Olympicum

156 1879 313 1958 collegisse
328 1879 407 1938 iuvat
422 1887 556 1956 metaque
572 1879 689 1940 fervidis

155 1965 266 2025 Eritata
281 1964 353 2024 rotis
369 1963 522 2042 palmaque
539 1963 646 2023 nobilis

105 2125 107 2127 Ι
153 2049 313 2111 Terrarum
329 2048 465 2108 dominos
480 2048 575 2108 evehit
590 2049 625 2108 ad
642 2048 727 2109 deos:

154 2134 250 2206 Hunc,
266 2135 290 2195 si
304 2133 456 2194 mobilium
473 2133 556 2192 turba
574 2132 733 2204 Quiritium

155 2218 254 2280 Certat
268 2218 438 2296 tergeminis
455 2217 557 2277 tollere
572 2218 747 2291 honoribus

154 2302 249 2376 Illum,
264 2303 288 2364 si
305 2303 426 2382 proprio
442 2301 575 2362 condidit
588 2302 708 2376 horreo,

153 2387 302 2467 Quidquid
317 2389 352 2448 de
369 2387 484 2467 Libycis
500 2386 624 2448 verritur
639 2388 730 2460 areis;

97 2484 98 2487 ’
152 2472 333 2533 Gaudentem
350 2473 459 2552 patrios
475 2472 586 2531 findere
601 2473 716 2532 sarculo

58 2592 59 2596 =
154 2559 248 2636 Agros
263 2558 393 2618 Attalicis
409 2557 634 2617 condicionibus

153 2643 317 2720 Numquam
333 2642 488 2712 dimoveas,
504 2651 536 2701 ut
552 2642 633 2701 trabe
648 2640 753 2720 Cypria

153 2727 299 2806 Myrtoum
314 2726 435 2805 pavidus
452 2735 540 2785 nauta
554 2735 634 2785 secet
649 2744 744 2799 mare;

152 2811 327 2872 Luctantem
342 2810 440 2870 Icariis
455 2810 593 2869 tlnctibus
608 2809 739 2869 Africum

152 2895 298 2956 Mercator
312 2905 446 2954 metuens
462 2893 555 2953 otium
571 2901 599 2953 et
615 2893 715 2971 oppidi

154 2981 265 3041 Laudat
279 2998 348 3040 rura
363 2979 418 3051 sui,
436 2996 503 3037 mox
519 2979 613 3038 reficit
628 2978 698 3039 ratis

150 3066 276 3136 Quassus
292 3064 426 3124 indocilis
442 3064 612 3143 pauperiem
630 3063 708 3143 pati;

153 3150 203 3212 Est
218 3151 269 3229 qui
284 3168 339 3210 noc
355 3148 460 3209 veteris
474 3150 579 3227 pocula
595 3149 708 3210 Massici

151 3235 212 3294 Nec
227 3245 339 3314 partem
355 3235 448 3296 solido
463 3235 580 3296 demere
596 3235 632 3294 de
648 3234 694 3294 die

152 3318 281 3398 Spernit,
298 3315 381 3380 nunc
394 3319 476 3380 viridi
493 3320 624 3379 membra
639 3319 694 3380 sub
710 3318 815 3378 arbuto

151 3405 274 3478 Stratus,
290 3425 370 3466 nunc
385 3406 420 3465 ad
436 3423 528 3482 aquae
543 3405 609 3465 lene
625 3411 714 3481 caput
728 3421 843 3478 sacrae;

151 3490 257 3550 Multos
272 3500 365 3550 castra
381 3491 481 3550 iuvant
495 3499 525 3549 et
539 3489 611 3549 lituo
626 3489 714 3548 tubae

150 3574 315 3635 Permixtus
330 3575 444 3636 sonitus
459 3573 592 3651 bellaque
609 3574 750 3634 matribus

90 3688 93 3696 ·
151 3659 310 3734 Detestata3
327 3667 426 3718 manet
440 3657 495 3718 sub
511 3657 578 3718 Iove
594 3658 700 3735 frigido

150 3744 279 3804 Venator
293 3755 411 3805 tenerae
428 3742 562 3821 coniugis
578 3743 732 3814 inmemor,

106 3911 114 3961 l
133 3927 157 3961 υ.
176 3915 189 3962 'l
210 3910 333 3962 nobilium
350 3911 385 3977 (v)
401 3910 405 3979 Ι
423 3912 453 3962 13
471 3909 608 3962 demoveas

71 4002 184 4045 Horatius.
