2656 4448
485 230 674 284 SATlRARUll
691 233 710 285 ll
729 237 752 286 3.
1091 235 1151 295 163

159 403 228 463 “Hic
250 394 355 481 aeger.'
403 403 493 463 Recte
516 413 560 464 est
582 404 672 481 igitur
694 404 875 484 surgetquel
919 407 1052 486 Negabit,

163 488 250 559 Quod
273 489 350 549 latus
372 496 422 547 aut
445 507 532 548 renes
554 490 659 550 morbo
684 501 867 569 temptentur
890 504 985 553 acuto.

161 574 226 633 Non
251 582 295 634 est
317 573 455 651 periurus
479 592 576 652 neque
598 575 742 647 sordidus,
766 577 889 637 inmolet
911 579 1011 656 aequis

162 659 216 718 llic
238 676 362 736 porcum
387 657 520 731 Laribus,
542 677 645 719 verum
668 661 839 722 ambitiosus
861 670 890 722 et
912 663 1021 723 audax:
1109 676 1150 725 165

160 744 282 822 Naviget
304 743 483 822 Anticyram.
529 743 605 814 Quid
629 746 708 804 enim
730 746 837 817 differt,
860 746 1039 808 barathrone

162 829 260 889 Dones
284 829 426 906 quidquid
448 828 548 900 babes,
571 848 609 889 an
633 849 795 908 numquam
819 842 902 892 utare
926 832 1057 911 paratis?

160 914 278 974 Servius
302 913 447 993 Oppidius
469 913 576 975 Canusi
600 915 659 975 duo
681 917 809 994 praedia,
834 915 913 978 dives

160 999 291 1077 Antiquo
315 1017 417 1070 censu,
440 1000 537 1077 gnatis
558 1000 662 1061 divisse
685 1001 802 1062 duobus

160 1084 267 1145 Fertur
289 1093 319 1144 et
341 1084 397 1144 hoc
421 1085 551 1145 moriens
573 1085 675 1163 pueris
697 1087 804 1147 dixisse
827 1088 935 1148 vocatis
1107 1100 1150 1150 110

160 1168 204 1228 Ad
225 1168 352 1229 lectum:
374 1161 547 1247 ‘Postquam
570 1180 599 1230 te
622 1171 704 1242 talos,
728 1172 810 1242 Aule,
835 1191 987 1251 nucesque

159 1253 250 1314 Ferre
272 1254 340 1314 sinu
364 1254 439 1325 laxo,
462 1255 573 1315 donare
596 1264 625 1315 et
647 1255 748 1316 ludere
770 1257 837 1327 vidi,

161 1339 211 1410 Te,
235 1338 344 1412 Tiberi,
368 1357 534 1413 numerare,
558 1341 634 1401 cavis
656 1340 839 1401 abscondere
862 1342 984 1413 tristem,

162 1423 301 1496 Extimui,
326 1443 363 1484 ne
384 1444 436 1485 vos
458 1434 560 1503 ageret
581 1427 698 1485 vesania
720 1426 843 1496 discere,

159 1508 205 1568 'l'u
228 1509 457 1579 Nomentanum,
481 1520 513 1568 tu
536 1529 574 1569 ne
596 1528 756 1587 sequerere
779 1511 920 1573 Cicutam.
1107 1524 1148 1574 111

159 1593 256 1664 Quare
278 1613 334 1673 per
354 1594 436 1655 divos
459 1603 559 1654 oratus
581 1605 707 1673 uterque
731 1596 857 1667 Penatis,

158 1679 201 1738 Tu
226 1696 295 1740 cave
320 1699 357 1740 ne
381 1681 506 1751 minuas,
529 1690 560 1739 tu
584 1698 622 1739 ne
646 1682 739 1741 maius
762 1681 850 1741 facias
872 1680 910 1752 id,

159 1763 245 1833 Quod
269 1764 338 1825 satis
360 1784 424 1825 esse
447 1773 530 1844 putat
552 1774 635 1843 pater
658 1775 687 1825 11
710 1776 814 1825 natura
838 1773 965 1827 coercet.

158 1848 313 1909 Praeterea
337 1869 374 1909 ne
398 1869 449 1911 vos
470 1850 570 1910 titillet
591 1851 694 1928 gloria,
717 1851 782 1911 iure

159 1931 287 1994 lurando
311 1934 493 2014 obstringam
517 1937 619 1995 ambo:
643 1946 709 1996 uter
730 1936 831 1996 aedilis
854 1935 978 1996 fueritve
1105 1947 1147 1998 180

159 2018 295 2079 Vestrum
318 2029 445 2098 praetor,
468 2022 492 2081 is
515 2021 690 2082 intestabilis
712 2030 742 2082 et
763 2039 847 2082 sacer
870 2028 943 2082 esto.

157 2101 191 2162 ln
215 2105 311 2165 cicere
334 2115 422 2184 atque
445 2107 510 2166 laba
534 2106 611 2167 bona
635 2116 666 2168 tu
689 2107 854 2186 perdasque
876 2106 996 2186 lupinis,

157 2188 247 2250 Latus
271 2200 303 2250 ut
325 2191 355 2251 in
381 2191 460 2251 circo
483 2193 610 2271 spatiere
633 2202 663 2252 et
685 2211 795 2253 aeneus
819 2202 850 2252 ut
873 2201 942 2265 stes,

158 2273 261 2335 Nudus
284 2277 372 2353 agris,
396 2277 494 2337 nudus
517 2279 655 2348 nummis,
678 2278 793 2349 insane,
816 2275 971 2357 paternis?

159 2357 278 2420 Scilicet
300 2370 333 2420 ut
354 2361 483 2439 plausuS,
507 2380 582 2437 quos
606 2363 662 2421 lert
684 2361 821 2440 Agrippa,
845 2363 921 2423 feras
943 2371 986 2434 tu,
1104 2374 1145 2424 181

159 2445 261 2505 Astuta
284 2445 457 2523 ingenuum·
470 2447 572 2525 volpes
595 2446 704 2506 imitata
727 2443 882 2506 leoneml'
899 2481 942 2489 —

157 2527 268 2606 Nequis
290 2529 427 2590 humasse
449 2531 517 2590 velit
539 2531 665 2602 Aiacem,
689 2529 798 2602 Atrida,
821 2538 901 2591 vetas
924 2527 999 2590 cur‘l

154 2604 230 2672 ‘Rex
252 2610 337 2673 sum?
382 2615 428 2675 Nil
452 2615 526 2675 ultra
550 2634 660 2693 quaero
682 2614 825 2692 plebeius.
867 2608 919 2673 ‘Et
940 2632 1063 2692 aequam

157 2697 231 2756 llem
254 2698 408 2775 imperito;
431 2709 461 2759 11
482 2701 556 2760 sicui
577 2699 680 2760 videor
701 2718 763 2760 non
786 2699 891 2770 iustus,
914 2698 1008 2759 inulto

158 2782 262 2843 Dicere
285 2784 365 2861 quod
387 2785 478 2845 sentit
499 2778 658 2863 permitto?
705 2784 829 2844 Maxime
853 2802 967 2861 regum,
1104 2795 1146 2846 190

157 2867 192 2927 bi
215 2868 268 2927 tibi
291 2869 363 2929 dent
385 2879 468 2949 capta
490 2869 612 2931 classem
635 2871 782 2930 deducere
805 2869 900 2928 Troia.

158 2951 236 3032 Ergo
259 2954 415 3015 consulere
437 2965 467 3016 et
488 2974 556 3016 mox
579 2955 761 3035 respondere
784 2951 905 3014 licebitl

153 3029 314 3099 ‘Consule'
362 3040 422 3100 Cur
443 3041 515 3101 Aiax
537 3041 625 3101 heros
647 3041 682 3100 ab
706 3039 819 3099 Achille
842 3039 992 3100 secundus

158 3121 297 3198 Putescit,
320 3125 428 3186 totiens
450 3126 571 3187 servatis
593 3126 690 3186 clarus
712 3125 837 3197 Achivis,

156 3206 288 3270 Gaudeat
309 3218 342 3271 ut
363 3212 493 3289 populus
515 3212 623 3272 Priami
645 3211 838 3288 Priamusque
862 3209 1023 3280 inhumato,
1103 3218 1145 3269 191

158 3293 214 3354 Ρ11
236 3313 324 3372 quem
347 3305 392 3356 tot
412 3297 532 3358 iuvenes
555 3297 649 3375 patrio
674 3313 795 3356 caruere
817 3292 978 3374 sepulcro?

156 3513 185 3565 lll
202 3530 227 3564 0.
247 3516 294 3566 163
308 3517 333 3577 [l
348 3515 374 3563 H
390 3512 426 3575 cf.
438 3531 526 3579 opusc.
544 3514 573 3565 lll
592 3518 637 3574 483
658 3515 717 3566 Chr.
737 3516 831 3576 Belger
849 3513 884 3564 M.
904 3514 994 3576 Haupt
1010 3513 1050 3561 als
1067 3514 1145 3565 acad.

71 3582 173 3634 Laba-er
189 3599 215 3648 p.
235 3584 284 3634 268
301 3584 377 3646 prob.
391 3583 420 3632 M
431 3581 522 3646 praef.
540 3584 580 3633 ed.
600 3600 625 3634 a.
647 3585 711 3636 1819
728 3599 754 3647 p.
773 3581 853 3646 LVlll,
872 3585 902 3631 α1
919 3577 955 3639 cf.
973 3578 998 3629 V
1014 3580 1143 3631 11111111.

70 3651 159 3702 Berol.
177 3667 201 3700 a.
222 3653 288 3703 1886
307 3655 370 3700 aest.
385 3667 413 3715 p.
434 3654 515 3714 lleq.
535 3651 700 3701 1111111111.
724 3653 728 3716 Ι
750 3657 777 3701 11
794 3653 828 3713 (u)
850 3654 854 3712 ι
878 3651 1034 3714 temptantur
1061 3649 1065 3712 Ι
1095 3650 1144 3700 182

70 3721 155 3772 -186
173 3719 287 3769 Horatio
305 3721 404 3769 tribuit
420 3718 460 3768 Ms
486 3719 491 3784 Ι
519 3720 674 3771 181111111
702 3720 764 3769 cur?
792 3720 823 3770 A.
852 3715 920 3776 Giofi
944 3716 1032 3778 (1814)
1060 3720 1087 3765 at
1114 3717 1143 3765 H.

72 3787 191 3850 Kraffert
209 3787 237 3836 ll.
258 3803 274 3836 a
293 3786 427 3851 Kruegero
445 3790 475 3837 in
493 3802 554 3850 app.
572 3786 609 3835 cd
626 3788 651 3838 1.
671 3786 687 3835 l.
705 3787 730 3837 ll.
748 3798 751 3847 1
770 3789 816 3838 188
836 3799 929 3852 quaere
942 3782 979 3831 13⁰
997 3798 1030 3834 m.
1048 3799 1090 3847 pr.
1104 3786 1144 3846 (1),

72 3855 132 3907 Get.
153 3855 283 3906 canterus
300 3871 393 3907 nonar.
413 3856 471 3907 leet.
489 3853 522 3906 lV
544 3857 574 3904 tt
602 3855 606 3915 Ι
637 3855 684 3906 189
702 3857 737 3917 at]
755 3855 858 3917 111111
877 3868 906 3903 ac
929 3849 934 3918 Ι
960 3852 1008 3903 190
1028 3849 1089 3917 quid
1107 3853 1144 3914 (o)

71 3939 137 3992 quae
155 3925 190 3987 (v)
206 3924 210 3989 1
228 3926 273 3975 191
294 3922 428 3986 deducere]
447 3924 542 3988 Porpd.
561 3923 609 3986 (elz
628 3921 748 3973 reducere
763 3924 767 3967 ἔ
786 3924 833 3975 194
851 3920 975 3987 putrescit
993 3922 1028 3984 (1)

892 4005 939 4057 ll*
