2656 4448
126 222 168 281 80
215 279 218 284 ,
487 221 660 275 CARllllNUbl
678 223 708 274 lll
727 226 769 277 29.
788 226 830 277 30.

252 395 352 456 Laudo
375 403 562 469 manentem3
586 394 610 454 si
633 395 744 456 celeres
766 396 860 474 quatit

252 480 370 553 Pinnas,
394 479 512 557 resigno
536 497 610 558 quae
632 479 712 540 dedit
734 488 763 540 et
784 498 848 540 mea

178 578 206 627 55
291 565 406 625 Virtute
428 583 475 624 me
498 564 612 624 involvo
636 565 819 643 probamque

347 649 521 728 Pauperiem
544 649 607 710 sine
630 650 698 710 dote
720 668 846 728 quaero:

252 768 317 828 Non
343 775 387 828 est
409 785 517 840 mcum,
540 767 564 828 si
586 767 697 845 mugiat
718 768 824 830 Africis

251 852 343 913 Malus
365 852 511 931 procellis,
534 852 568 912 ad
592 852 713 912 miseras
736 871 839 931 preces

297 937 461 997 Decurrere
485 946 513 996 et
534 937 609 997 votis
631 937 750 1016 pacisci,

179 1032 208 1083 do
351 1022 393 1081 Ne
416 1021 538 1101 Cypriae
560 1021 724 1100 Tyriaeque
747 1039 860 1082 merces

252 1139 368 1200 Addant
391 1158 477 1199 avaro
500 1140 612 1199 divitias
634 1140 723 1213 mari;

253 1225 327 1284 Tum
350 1243 398 1284 me
420 1223 540 1285 biremis
562 1224 709 1303 praesidio
731 1225 855 1303 scaphae

299 1309 407 1370 Tutum
431 1327 485 1388 per
506 1312 635 1386 Aegaeos
657 1308 799 1369 tumultus

349 1396 428 1454 Aura
450 1394 525 1455 leret
546 1394 741 1473 geminusque
762 1393 876 1454 Pollux.

632 1680 712 1740 XXX

253 1799 344 1878 Exegi
367 1808 593 1860 monumentum
617 1818 684 1860 aere
708 1799 869 1878 perennius

254 1884 415 1961 Regalique
439 1884 496 1944 situ
519 1885 702 1963 pyramidum
726 1884 820 1955 altius,

254 1968 339 2038 Quod
364 1987 423 2027 non
448 1968 542 2028 imber
564 1970 645 2042 edax,
670 1988 730 2029 non
754 1968 859 2046 Aquilo
883 1967 1031 2047 impotens

254 2052 350 2112 Possit
371 2053 488 2112 diruere
511 2062 561 2113 aut
582 2052 807 2115 innumerabilis

196 2148 210 2196 5
253 2139 409 2197 Annorum
432 2137 523 2199 series
545 2148 574 2198 et
595 2141 664 2219 luga
686 2147 863 2218 temporum.

253 2221 319 2281 Non
344 2222 439 2282 omnis
460 2223 570 2283 moriar
593 2225 743 2303 multaque
764 2241 832 2302 pars
854 2221 911 2281 mei

255 2305 363 2366 Vitabit
384 2305 551 2381 Libitinam,
574 2328 668 2387 usque
692 2328 745 2388 ego
768 2316 885 2386 postera

256 2390 390 2452 Crescam
413 2391 498 2452 laude
521 2411 641 2455 recens:
665 2395 734 2454 dum
757 2391 929 2471 Capitolium

256 2475 383 2537 Scandet
406 2494 473 2536 cum
495 2478 582 2539 tacita
604 2479 717 2557 virgine
738 2477 882 2557 pontifex,

183 2570 211 2620 to
254 2560 349 2641 Dicar,
373 2579 431 2639 qua
453 2562 564 2624 violens
588 2563 732 2641 obstrepit
753 2561 875 2621 Aufidus

254 2644 292 2705 Et
314 2664 372 2725 qua
394 2664 508 2725 pauper
529 2666 621 2726 aquae
643 2648 764 2708 llaunus
786 2645 944 2724 agrestium

184 2739 185 2742 ’
254 2729 396 2809 Regnavit
419 2732 597 2811 populorum
621 2751 655 2793 cx
678 2731 781 2792 humili
803 2738 910 2808 potens

256 2815 400 2894 Princeps
423 2816 556 2877 Aeolium
580 2835 698 2878 carmen
722 2817 756 2877 ad
780 2816 866 2875 ltalos

255 2899 416 2962 Deduxisse
439 2903 551 2963 modos.
596 2903 686 2962 Sume
708 2900 876 2981 superbiam

184 2994 211 3044 15
256 2984 424 3054 Quaesitam
446 2987 558 3048 meritis
581 2988 703 3047 etmihi
727 2985 864 3064 Delphica

255 3068 351 3129 Lauro
376 3071 462 3149 cinge
484 3072 594 3144 rolens,
618 3072 812 3151 Melpomene,
835 3087 957 3130 comam.

213 3232 292 3282 XXlX
310 3250 334 3284 o.
354 3235 386 3286 60
406 3233 546 3302 Syriaeque
562 3238 565 3302 Ι
582 3239 614 3288 62
633 3242 694 3288 tunc
710 3236 715 3302 Ι
730 3240 762 3288 64
780 3237 845 3288 ferat
862 3238 897 3300 (o)

130 3300 285 3432 [ῙΟ-ἰίῖῗὶὶ
305 3318 329 3353 c.
358 3305 392 3366 [2]
421 3305 438 3352 b
464 3305 468 3368 Ι
496 3306 582 3369 8555.
609 3319 706 3367 recens,
732 3304 791 3355 dum
817 3332 848 3341 -
875 3303 1000 3371 pontifex.
1030 3300 1099 3352 dicar
1127 3300 1163 3351 al.
1196 3300 1199 3368 Ι
