2656 4448
138 200 197 261 186

134 473 176 522 105

144 2324 171 2374 lb

142 3173 169 3223 25

505 201 734 255 EPlSTULARUlll
754 205 762 255 l
785 208 807 257 1.
826 209 850 258 2.

221 375 292 437 Cum
316 375 356 436 sis
378 383 407 435 et
428 393 517 454 prave
539 385 650 436 sectum
673 377 866 439 stomacheris
890 377 927 438 ob
951 397 1082 460 unguem

220 461 262 523 De
284 469 313 522 te
335 459 504 540 pendentis,
526 469 555 520 te
577 461 763 540 respicientis
785 463 882 523 amici.

219 546 263 606 nd
287 563 446 608 summam:
470 545 587 625 sapiens
609 564 670 606 uno
693 547 792 607 minor
815 558 859 609 est
880 547 959 622 love,
981 550 1071 623 dives,

219 631 317 704 Liber,
341 631 513 705 honoratus,
538 631 669 710 pulcher,
693 649 745 691 rex
768 632 896 712 denique
918 652 1032 713 regum,

219 717 380 795 Praecipue
402 733 501 790 sanus,
525 716 580 776 nisi
604 734 672 776 cum
695 717 799 794 pituita
821 718 943 779 molesta
965 731 1018 781 est.

655 1003 681 1063 ΙΙ

219 1124 339 1185 Troiani
364 1122 429 1183 belli
452 1122 639 1200 scriptorem,
663 1123 786 1182 Maxime
808 1122 893 1195 Lolli,

217 1210 293 1271 Dum
314 1218 347 1269 tu
370 1207 514 1268 declamas
537 1207 656 1282 Romae,
682 1208 838 1267 Praeneste
861 1208 962 1287 relegi,

217 1295 285 1367 Qui,
309 1293 379 1373 quid
401 1293 439 1354 sit
459 1293 625 1371 pulchrum,
650 1292 720 1371 quid
735 1300 833 1371 turpe,
856 1293 927 1370 quid
942 1295 1023 1369 utile,
1047 1296 1116 1374 quid
1135 1317 1205 1374 non,

218 1380 339 1441 Planius
361 1396 395 1439 ae
417 1377 522 1438 melius
545 1377 709 1458 Chrysippo
733 1387 762 1438 et
785 1378 927 1438 Crantore
951 1380 1029 1442 dicit.

218 1464 276 1525 Cur
299 1466 337 1526 ita
361 1463 545 1538 crediderim,
568 1463 624 1523 nisi
647 1463 717 1542 qnid
740 1471 769 1523 te
793 1462 922 1537 distinet,
944 1465 1023 1526 audi.

216 1549 336 1622 Pabula,
360 1567 417 1628 qua
440 1549 553 1609 Paridis
573 1557 697 1628 propter
720 1557 857 1608 narratur
879 1566 1010 1610 amorem

216 1634 338 1696 Graecia
362 1633 513 1695 barbariae
536 1634 616 1694 lento
640 1632 751 1693 conlisa
774 1632 881 1707 duello,

216 1721 379 1782 Stultorum
402 1737 506 1797 regum
529 1727 558 1778 et
580 1719 759 1798 populorum
782 1718 917 1779 continet
938 1729 1045 1781 aestus.

215 1808 350 1866 Antenor
372 1812 475 1865 censet
496 1804 565 1864 belli
587 1803 757 1882 praecidere
780 1820 915 1876 eausam;

215 1890 292 1960 Quid
317 1887 420 1950 Paris?
444 1899 476 1949 ut
498 1891 594 1950 salvus
617 1898 722 1967 regnet
742 1888 877 1967 vivatque
899 1888 1011 1964 beatus,

215 1975 286 2055 Cogi
309 1993 396 2054 posse
420 1985 522 2053 negat;
545 1973 654 2034 Nestor
676 1991 856 2052 componere
879 1973 938 2034 litis

214 2059 296 2120 Inter
317 2060 437 2121 Peliden
461 2060 579 2120 lestinat
601 2066 630 2118 et
652 2058 730 2119 inter
752 2057 891 2134 Atriden3

213 2144 301 2205 Hunc
323 2162 415 2216 amor,
438 2144 480 2203 ira
503 2144 621 2222 quidem
643 2144 841 2203 communiter
862 2143 923 2203 urit
945 2152 1115 2224 utrumque.

214 2229 363 2308 Quidquid
386 2228 511 2289 delirant
533 2246 627 2306 reges,
650 2228 822 2306 plectuntur
843 2227 953 2288 Achivi.

215 2314 375 2388 Seditione,
400 2313 483 2386 dolis,
506 2314 618 2374 scelere
640 2324 728 2391 atquo
751 2312 872 2374 libidine
895 2323 924 2374 et
946 2313 988 2373 ira

215 2399 318 2460 lliacos
340 2401 416 2460 intra
438 2417 540 2459 muros
562 2407 700 2478 peccatur
723 2406 752 2458 et
774 2407 863 2458 extra.

215 2485 338 2558 Rursus,
362 2485 430 2564 quid
455 2484 546 2544 uirtus
569 2494 597 2544 et
620 2483 689 2562 quid
712 2482 854 2562 sapientia
878 2483 980 2562 possit,

214 2571 291 2631 Utile
313 2570 469 2649 proposuit
492 2569 578 2629 nobis
601 2569 749 2648 exemplar
773 2567 888 2639 Ulixen,

215 2655 273 2726 Qui
295 2655 422 2715 domitor
444 2654 549 2714 Troiae
573 2654 732 2713 multorum
756 2653 894 2731 providus
916 2653 1006 2714 urbes

213 2740 251 2799 Et
272 2759 370 2801 mores
392 2739 549 2799 hominum
571 2739 700 2818 inspexit
721 2738 872 2817 latumque
894 2757 949 2817 per
971 2757 1092 2817 aequor,

213 2826 288 2886 Dum
312 2826 377 2898 sibi,
400 2824 468 2884 dum
493 2824 580 2885 sociis
601 2824 728 2884 reditum
751 2833 841 2901 parat,
865 2842 970 2902 aspera
993 2824 1083 2884 multa

214 2910 346 2983 Pertulit,
369 2909 495 2970 adversis
518 2927 617 2968 rorum
639 2907 835 2968 inmersabilis
857 2909 953 2975 undis.

214 2995 351 3056 Sirenum
373 3013 458 3056 voces
481 3004 511 3055 et
533 2993 632 3055 Circae
654 2994 759 3073 poeula
783 2993 877 3069 nosti;

213 3080 295 3150 Quae
316 3080 341 3140 si
363 3098 431 3140 cum
452 3079 540 3140 sociis
562 3079 669 3139 stultus
691 3078 874 3157 cupidusque
898 3078 1030 3151 bibisset,

213 3165 275 3225 Sub
299 3165 415 3225 domina
438 3164 593 3225 meretrice
615 3164 717 3225 luisset
739 3164 834 3241 turpis
856 3173 886 3223 et
907 3181 1019 3236 excors,

213 3249 338 3310 Vixisset
360 3250 440 3310 canis
463 3249 624 3310 inmundus
646 3249 690 3309 vel
713 3247 805 3308 amica
827 3248 890 3309 luto
913 3267 973 3309 sus.

212 3334 273 3395 Nos
295 3352 437 3394 numerus
459 3352 560 3395 sumus
583 3343 612 3394 et
633 3335 733 3411 fruges
756 3351 932 3394 consumere
955 3332 1025 3406 nati,

216 3419 324 3499 Sponsi
347 3419 512 3497 Penelopae
535 3417 710 3492 nebulones,
733 3418 910 3498 Alcinoique

212 3504 245 3564 In
270 3513 336 3565 cute
359 3503 487 3564 curanda
510 3504 577 3583 plus
599 3520 693 3583 aequo
716 3513 835 3582 operata
857 3505 1002 3578 iuventus,

212 3758 231 3809 ll
249 3775 272 3810 o.
294 3762 306 3810 l
327 3757 445 3823 Maxime]
465 3757 628 3808 Met‘neldus:
645 3759 753 3808 maxime
774 3757 778 3823 Ι
799 3761 815 3809 4
833 3731 934 3822 plenius
958 3755 963 3824 Ι
988 3761 1002 3810 5
1021 3755 1120 3808 detinet
1137 3757 1173 3820 (o)
1195 3757 1201 3818 1

127 3829 258 3879 8aestum
286 3826 290 3891 Ι
318 3830 349 3878 10
368 3825 441 3886 Quod
466 3824 552 3890 Paris,
575 3828 610 3892 (o)
637 3826 641 3892 Ι
669 3829 701 3879 28
719 3827 862 3877 distinctos
887 3841 947 3875 eum
965 3825 1000 3876 al.
1018 3825 1078 3877 coll.
1098 3825 1199 3876 Aaron.

127 3898 200 3960 epist.
219 3895 243 3958 9,
264 3896 309 3946 14:
327 3895 415 3961 sponsi
433 3892 586 3962 Penelopae,
604 3895 746 3946 nebulones
763 3895 800 3947 al.
