2656 4448
510 213 683 265 CARMlNUlll
700 215 721 267 ll
740 217 764 268 2.
783 219 806 270 3.

254 384 410 446 Redditum
428 385 494 464 Cyri
510 386 584 446 solio
599 386 745 448 Phraaten

255 469 407 531 Dissidens
422 470 502 548 plebi
519 488 643 531 numero
659 471 814 533 beatorum

254 554 363 615 Eximit
379 555 478 615 Virtus
493 556 696 634 populumque
713 557 792 620 salsis

181 649 210 701 20
295 639 426 701 Dedecet
441 640 483 699 uti

253 776 395 847 Vocibus,
413 794 538 854 regnum
555 786 584 835 et
599 775 731 837 diadema
747 788 842 838 tutum

253 861 396 921 Delerens
411 861 463 921 uni
480 860 688 939 propriamque
704 863 830 935 laurum,

254 945 396 1023 Quisquis
411 946 540 1025 ingentis
556 945 642 1007 oculo
659 947 804 1008 inretorto

301 1030 420 1109 Spectat
435 1049 563 1092 acervos.

642 1334 681 1393 ΙΙΙ

254 1454 382 1530 Aequam
398 1460 547 1513 memento
563 1452 653 1512 rebus
668 1452 698 1512 in
716 1451 814 1514 arduis

256 1539 379 1599 Servare
395 1547 534 1609 mentem,
551 1556 611 1597 non
629 1556 714 1598 secus
730 1537 759 1597 in
777 1537 864 1598 bouis

299 1620 343 1681 Ab
360 1621 499 1682 insolenti
515 1631 707 1701 temperatam

343 1706 474 1778 Laetitia,
490 1707 633 1767 moriture
649 1707 732 1776 nelli,

196 1854 211 1903 5
253 1843 313 1903 Seu
328 1851 456 1902 maestus
472 1841 702 1919 omnitempore
718 1840 824 1902 rixeris

253 1928 311 1988 Seu
328 1935 356 1985 te
372 1926 402 1986 in
420 1935 533 1986 remoto
549 1926 683 2003 gramine
698 1944 752 2004 per
767 1925 829 1986 dies

300 2009 403 2071 Festos
418 2010 596 2079 reclinatum.
609 2009 705 2070 bearis

346 2095 492 2155 lnteriore
508 2105 576 2155 nota
593 2095 719 2155 Falerni.

254 2229 322 2301 Quo·
335 2229 424 2307 pinus
439 2230 545 2309 ingens
559 2229 683 2308 albaque
699 2229 828 2308 populus

183 2326 210 2376 10
253 2314 394 2375 Umbram
409 2314 582 2393 hospitalem
598 2315 771 2376 consociare
786 2324 886 2374 amant

300 2398 422 2461 Ramis‘l
445 2400 513 2478 quirl
530 2400 650 2478 obliquo
667 2399 781 2470 laborat

343 2485 474 2564 Lympha
490 2486 577 2562 fugax
592 2484 739 2563 trepidare
755 2481 839 2543 rivo?

252 2620 317 2682 Huc
333 2620 401 2679 vina
417 2628 446 2680 et
461 2626 614 2698 unguenta
630 2628 660 2679 et
674 2618 797 2678 nimium
812 2619 910 2680 brevis

253 2704 354 2765 Flores
368 2723 510 2765 amoenae
525 2705 602 2764 lerre
618 2703 686 2763 iube
703 2720 796 2782 rosae,

180 2800 208 2849 ta
292 2789 368 2850 Dum
383 2808 431 2850 res
447 2798 476 2849 et
491 2798 569 2848 aetas
584 2795 614 2848 et
628 2806 764 2848 sororum

344 2873 406 2933 Fila
421 2875 510 2934 trium
526 2873 681 2952 patiuntur
696 2883 767 2932 atra.
783 2907 824 2916 -

253 3008 344 3069 Codes
360 3010 502 3088 coemptis
517 3008 638 3070 saltibus
654 3017 683 3068 et
698 3008 786 3069 domo

252 3093 393 3170 Vinaque,
409 3094 500 3154 flavus
516 3111 601 3171 quam
618 3092 734 3153 Tiberis
749 3093 826 3164 lavit,

300 3177 401 3248 Codes,
418 3186 447 3237 et
463 3178 619 3239 exstructis
634 3177 664 3236 in
682 3178 772 3236 altum

179 3272 208 3321 nt
372 3262 483 3323 Divitiis
498 3261 628 3340 potietur
643 3260 738 3320 heres.

251 3395 377 3456 Divesne
393 3395 492 3474 prisco
509 3404 595 3456 natus
610 3394 646 3455 ab
662 3394 772 3455 Inacho

251 3479 298 3539 Nil
312 3480 436 3541 interest
451 3499 487 3540 an
503 3498 617 3558 pauper
632 3488 661 3539 et
675 3480 776 3539 infima

296 3564 443 3643 [legente
459 3564 513 3626 sub
530 3563 595 3625 clivo
611 3565 744 3634 moreris,

342 3650 464 3710 Victima
480 3650 522 3710 nil
537 3650 705 3711 miserantis
721 3649 807 3710 Orci:

124 3786 327 3794 *-

205 3899 226 3951 ll
243 3917 267 3952 υ.
288 3902 319 3954 18
340 3900 425 3967 plebis
440 3899 446 3969 Ι
462 3905 492 3954 19
511 3901 607 3964 Virtus]
630 3902 688 3954 edd.
707 3901 810 3966 aliquot
827 3900 903 3964 (rr-1²,
924 3900 1005 3950 Orelli
1022 3902 1096 3962 clep
1115 3900 1199 3954 uirtus
