2656 4448
521 206 695 258 GARMlNUlll
712 208 741 259 lll
760 211 783 261 2.
803 212 826 261 3.

156 419 158 423 -
266 375 416 455 suspiret:
429 369 527 451 ‘ebeu,
544 396 582 437 ne
598 378 680 438 rudis
695 379 845 456 agminum

266 460 401 540 Sponsus
415 462 539 533 lacessat
553 464 652 540 regius
667 480 804 541 asperum

310 545 402 606 rlactu
418 547 544 620 leonem,
560 565 647 624 quem
665 558 787 607 cruenta

361 631 417 691 Pcr
431 631 540 691 medias
556 631 632 710 rapit
647 632 688 691 ira
705 624 824 692 caedes.³
843 668 884 677 —

265 749 356 808 Dulce
372 759 401 809 et
416 750 555 809 decorum
572 760 616 809 est
631 767 686 828 pro
703 752 796 828 patria
812 753 898 812 mori.

264 833 343 893 blors
359 844 388 894 et
403 834 535 911 fugacem
551 835 742 912 persequitur
757 836 851 896 virum

309 919 371 978 Nec
385 920 481 996 parcit
495 919 613 980 inbellis
628 920 763 979 iuventae

361 1003 524 1081 Poplitibus
539 1003 678 1063 timidone
693 1013 786 1083 tergo.

262 1118 371 1193 Virtus,
387 1121 521 1200 repulsae
537 1122 636 1181 nescia
651 1121 794 1194 sordidae,

264 1205 447 1266 lntauiinatis
461 1206 554 1285 lulget
568 1207 732 1267 honoribus

308 1291 368 1350 Nec
384 1291 474 1350 sumit
488 1299 538 1350 aut
552 1291 637 1369 ponit
652 1292 764 1352 securis

359 1375 488 1434 Arbitrio
505 1375 656 1452 popularis
673 1394 769 1435 aurae.

263 1491 370 1562 Virtus
386 1491 542 1552 recludens
557 1492 703 1552 inmeritis
717 1493 793 1552 mori

263 1576 393 1645 Caelum,
410 1584 514 1654 negata
531 1585 654 1654 temptat
669 1577 725 1635 iter
740 1576 783 1635 via

308 1660 475 1739 Coetusque
491 1661 615 1737 volgaris
631 1670 661 1720 et
675 1660 761 1719 udam

361 1745 481 1823 Spernit
495 1746 617 1804 humum
634 1746 766 1823 fugiente
781 1745 883 1824 pinna.

260 1861 314 1922 Est
330 1871 359 1922 et
373 1863 451 1922 fideli
466 1872 528 1923 tuta
543 1863 661 1923 silentio

260 1947 388 2008 Merces:
404 1948 518 2018 vetabo,
535 1947 586 2025 qui
602 1947 717 2008 Cereris
731 1965 848 2008 sacrun]

308 2032 437 2111 Volgarit
452 2051 585 2104 arcanae,
601 2032 656 2093 sub
672 2032 764 2092 isdem

358 2117 402 2177 Sit
418 2117 549 2177 trabibus
565 2118 732 2194 fragilemve
748 2135 864 2176 mecum

261 2235 358 2294 Solvat
376 2234 532 2312 phaselon:
549 2253 637 2313 saepe
655 2235 798 2312 Diespiter

259 2319 418 2397 Negleotus
434 2319 547 2380 incesto
563 2319 673 2379 addidit
687 2320 846 2397 integrum,

308 2403 386 2463 Raro
403 2406 625 2465 antecedentem
641 2405 798 2465 scelestum

359 2489 494 2549 Deseruit
508 2490 583 2568 pede
600 2489 698 2548 Poena
714 2489 827 2548 claudo.

655 2741 694 2799 lll

259 2857 372 2918 lustum
389 2868 418 2917 et
433 2868 567 2917 tenacem
584 2857 728 2935 propositi
744 2857 837 2916 virum

259 2943 326 3002 Non
343 2943 448 3002 civium
464 2943 552 3002 ardor
567 2960 655 3019 prava
671 2941 847 3012 iubentium,

307 3027 373 3087 Non
390 3027 485 3086 voltus
500 3026 637 3086 instantis
648 3025 766 3104 tyranni

356 3113 454 3172 Mente
470 3111 563 3188 quatit
577 3111 669 3170 solida
688 3128 784 3187 neque
799 3114 916 3182 Auster,

258 3230 323 3290 Dux
339 3230 463 3308 inquieti
480 3229 614 3290 turbidus
630 3228 763 3300 Hadriae,

258 3315 319 3374 Nec
336 3315 519 3375 fulminantis
534 3333 640 3392 magna
659 3331 764 3373 manus
780 3313 871 3372 lovis:

306 3400 335 3460 Si
352 3401 462 3460 lractus
477 3399 624 3459 inlabatur
640 3398 729 3465 orbis

356 3483 536 3563 lmpavidum
553 3483 660 3542 ferient
676 3484 788 3542 ruinae.

126 3620 332 3628 ..ᾑ-

186 3805 191 3816 .
214 3738 233 3788 ll
257 3754 280 3788 o.
311 3737 342 3788 16
366 3735 506 3800 timidoque
535 3741 539 3798 Ι
567 3735 598 3784 27
623 3732 815 3798 uolnuullgauit
842 3732 846 3798 Ι
874 3735 906 3785 28
925 3731 1082 3798 fragilemve]
1102 3730 1203 3781 Bentl:

126 3806 325 3926 fragllelllllqurl.ed
343 3871 454 3922 solidum
472 3885 519 3920 nec
537 3869 606 3919 Mar.
626 3867 694 3918 Vnt.
711 3883 739 3933 p.
759 3869 816 3931 180,
836 3869 867 3919 29
887 3866 915 3917 K.

916 3953 948 4003 4*
