<?xml version="1.0" encoding="UTF-8"?>
<!DOCTYPE html PUBLIC "-//W3C//DTD XHTML 1.0 Transitional//EN"
    "http://www.w3.org/TR/xhtml1/DTD/xhtml1-transitional.dtd">
<html xmlns="http://www.w3.org/1999/xhtml" xml:lang="en" lang="en">
 <head>
  <title>
</title>
<meta http-equiv="Content-Type" content="text/html;charset=utf-8" />
  <meta name='ocr-system' content='tesseract 3.04.00' />
  <meta name='ocr-capabilities' content='ocr_page ocr_carea ocr_par ocr_line ocrx_word'/>
</head>
<body>
  <div class='ocr_page' id='page_1' title='image "./qhoratiiflaccic02hertgoog_0039.png"; bbox 0 0 2656 4448; ppageno 0'>
   <div class='ocr_carea' id='block_1_1' title="bbox 589 201 905 258">
    <p class='ocr_par' dir='ltr' id='par_1_1' title="bbox 589 201 905 258">
     <span class='ocr_line' id='line_1_1' title="bbox 589 201 905 258; baseline 0.019 -6"><span class='ocrx_word' id='word_1_1' title='bbox 589 201 762 254; x_wconf 75' lang='lat' dir='ltr'>danninum</span> <span class='ocrx_word' id='word_1_2' title='bbox 778 203 789 254; x_wconf 95' lang='lat' dir='ltr'>l</span> <span class='ocrx_word' id='word_1_3' title='bbox 807 206 847 257; x_wconf 82' lang='grc'>36.</span> <span class='ocrx_word' id='word_1_4' title='bbox 865 208 905 258; x_wconf 82' lang='grc'>37.</span> 
     </span>
    </p>
   </div>
   <div class='ocr_carea' id='block_1_2' title="bbox 700 373 816 436">
    <p class='ocr_par' dir='ltr' id='par_1_2' title="bbox 700 373 816 436">
     <span class='ocr_line' id='line_1_2' title="bbox 700 373 816 436; baseline 0.017 -3"><span class='ocrx_word' id='word_1_5' title='bbox 700 373 816 436; x_wconf 86' lang='lat' dir='ltr'>XXXVI</span> 
     </span>
    </p>
   </div>
   <div class='ocr_carea' id='block_1_3' title="bbox 274 487 1067 2165">
    <p class='ocr_par' dir='ltr' id='par_1_3' title="bbox 274 487 1067 2165">
     <span class='ocr_line' id='line_1_3' title="bbox 344 487 724 554; baseline 0.011 -6"><span class='ocrx_word' id='word_1_6' title='bbox 344 487 382 549; x_wconf 85' lang='lat' dir='ltr'>Et</span> <span class='ocrx_word' id='word_1_7' title='bbox 396 499 464 553; x_wconf 91' lang='lat' dir='ltr'>ture</span> <span class='ocrx_word' id='word_1_8' title='bbox 478 501 508 552; x_wconf 88' lang='lat' dir='ltr'>et</span> <span class='ocrx_word' id='word_1_9' title='bbox 523 492 630 554; x_wconf 85' lang='lat' dir='ltr'>fidibus</span> <span class='ocrx_word' id='word_1_10' title='bbox 645 493 724 553; x_wconf 89' lang='lat' dir='ltr'>iuvat</span> 
     </span>
     <span class='ocr_line' id='line_1_4' title="bbox 393 575 931 656; baseline 0.013 -22"><span class='ocrx_word' id='word_1_11' title='bbox 393 575 513 637; x_wconf 89' lang='lat' dir='ltr'>Plaoare</span> <span class='ocrx_word' id='word_1_12' title='bbox 529 585 558 637; x_wconf 90' lang='lat' dir='ltr'>et</span> <span class='ocrx_word' id='word_1_13' title='bbox 573 577 656 638; x_wconf 91' lang='lat' dir='ltr'>vituli</span> <span class='ocrx_word' id='word_1_14' title='bbox 672 577 817 656; x_wconf 86' lang='lat' dir='ltr'>sanguine</span> <span class='ocrx_word' id='word_1_15' title='bbox 833 578 931 641; x_wconf 89' lang='lat' dir='ltr'>debito</span> 
     </span>
     <span class='ocr_line' id='line_1_5' title="bbox 345 659 741 734; baseline 0.005 -14"><span class='ocrx_word' id='word_1_16' title='bbox 345 659 488 721; x_wconf 85' lang='lat' dir='ltr'>Custodes</span> <span class='ocrx_word' id='word_1_17' title='bbox 503 661 645 722; x_wconf 82' lang='lat' dir='ltr'><strong>Numidae</strong></span> <span class='ocrx_word' id='word_1_18' title='bbox 661 663 741 734; x_wconf 85' lang='lat' dir='ltr'>deos,</span> 
     </span>
     <span class='ocr_line' id='line_1_6' title="bbox 392 744 989 826; baseline 0.008 -21"><span class='ocrx_word' id='word_1_19' title='bbox 392 744 449 815; x_wconf 81' lang='lat' dir='ltr'>Qui</span> <span class='ocrx_word' id='word_1_20' title='bbox 465 765 547 806; x_wconf 85' lang='lat' dir='ltr'>nune</span> <span class='ocrx_word' id='word_1_21' title='bbox 562 746 704 825; x_wconf 87' lang='lat' dir='ltr'>Hesperia</span> <span class='ocrx_word' id='word_1_22' title='bbox 720 766 822 826; x_wconf 91' lang='lat' dir='ltr'>sospes</span> <span class='ocrx_word' id='word_1_23' title='bbox 837 749 873 809; x_wconf 94' lang='lat' dir='ltr'>ab</span> <span class='ocrx_word' id='word_1_24' title='bbox 889 749 989 810; x_wconf 88' lang='lat' dir='ltr'>ultima</span> 
     </span>
     <span class='ocr_line' id='line_1_7' title="bbox 286 828 708 903; baseline 0.014 -16"><span class='ocrx_word' id='word_1_25' title='bbox 286 837 301 887; x_wconf 83' lang='lat'><strong>5</strong></span> <span class='ocrx_word' id='word_1_26' title='bbox 347 828 427 890; x_wconf 87' lang='lat' dir='ltr'>Caris</span> <span class='ocrx_word' id='word_1_27' title='bbox 441 831 533 891; x_wconf 87' lang='lat' dir='ltr'>multa</span> <span class='ocrx_word' id='word_1_28' title='bbox 548 831 708 903; x_wconf 84' lang='lat' dir='ltr'><strong>sodalibus,</strong></span> 
     </span>
     <span class='ocr_line' id='line_1_8' title="bbox 280 914 916 995; baseline 0.008 -22"><span class='ocrx_word' id='word_1_29' title='bbox 280 950 284 957; x_wconf 66' lang='grc'><strong><em>«</em></strong></span> <span class='ocrx_word' id='word_1_30' title='bbox 392 914 470 975; x_wconf 88' lang='lat' dir='ltr'>Nulli</span> <span class='ocrx_word' id='word_1_31' title='bbox 486 915 569 995; x_wconf 89' lang='lat' dir='ltr'>plura</span> <span class='ocrx_word' id='word_1_32' title='bbox 585 926 682 977; x_wconf 90' lang='lat' dir='ltr'>tamen</span> <span class='ocrx_word' id='word_1_33' title='bbox 701 915 802 977; x_wconf 85' lang='lat' dir='ltr'>dividit</span> <span class='ocrx_word' id='word_1_34' title='bbox 817 918 916 979; x_wconf 87' lang='lat' dir='ltr'>osenla</span> 
     </span>
     <span class='ocr_line' id='line_1_9' title="bbox 347 998 810 1074; baseline 0.006 -15"><span class='ocrx_word' id='word_1_35' title='bbox 347 998 440 1069; x_wconf 84' lang='lat' dir='ltr'>Quam</span> <span class='ocrx_word' id='word_1_36' title='bbox 457 1000 535 1061; x_wconf 85' lang='lat' dir='ltr'>dulci</span> <span class='ocrx_word' id='word_1_37' title='bbox 553 1000 679 1074; x_wconf 80' lang='lat' dir='ltr'>Lamiae,</span> <span class='ocrx_word' id='word_1_38' title='bbox 695 1019 810 1062; x_wconf 88' lang='lat' dir='ltr'>memor</span> 
     </span>
     <span class='ocr_line' id='line_1_10' title="bbox 396 1085 870 1165; baseline 0.008 -22"><span class='ocrx_word' id='word_1_39' title='bbox 396 1085 484 1146; x_wconf 81' lang='lat' dir='ltr'>Actae</span> <span class='ocrx_word' id='word_1_40' title='bbox 501 1105 562 1146; x_wconf 94' lang='lat' dir='ltr'>non</span> <span class='ocrx_word' id='word_1_41' title='bbox 579 1086 636 1146; x_wconf 89' lang='lat' dir='ltr'>alio</span> <span class='ocrx_word' id='word_1_42' title='bbox 652 1104 722 1164; x_wconf 86' lang='lat' dir='ltr'>rege</span> <span class='ocrx_word' id='word_1_43' title='bbox 738 1086 870 1165; x_wconf 76' lang='lat' dir='ltr'>puertiae</span> 
     </span>
     <span class='ocr_line' id='line_1_11' title="bbox 347 1167 745 1249; baseline 0.008 -23"><span class='ocrx_word' id='word_1_44' title='bbox 347 1167 533 1249; x_wconf 89' lang='lat' dir='ltr'>Mutataeque</span> <span class='ocrx_word' id='word_1_45' title='bbox 549 1170 635 1231; x_wconf 89' lang='lat' dir='ltr'>simul</span> <span class='ocrx_word' id='word_1_46' title='bbox 652 1180 745 1249; x_wconf 84' lang='lat' dir='ltr'>togae.</span> 
     </span>
     <span class='ocr_line' id='line_1_12' title="bbox 277 1253 964 1334; baseline 0.01 -24"><span class='ocrx_word' id='word_1_47' title='bbox 277 1260 304 1311; x_wconf 84' lang='lat' dir='ltr'>lu</span> <span class='ocrx_word' id='word_1_48' title='bbox 392 1253 495 1316; x_wconf 82' lang='lat' dir='ltr'>Cressa</span> <span class='ocrx_word' id='word_1_49' title='bbox 511 1274 549 1315; x_wconf 93' lang='lat' dir='ltr'>ne</span> <span class='ocrx_word' id='word_1_50' title='bbox 565 1264 663 1316; x_wconf 86' lang='lat' dir='ltr'>eareat</span> <span class='ocrx_word' id='word_1_51' title='bbox 677 1254 800 1334; x_wconf 88' lang='lat' dir='ltr'>pulchra</span> <span class='ocrx_word' id='word_1_52' title='bbox 815 1256 877 1317; x_wconf 94' lang='lat' dir='ltr'>dies</span> <span class='ocrx_word' id='word_1_53' title='bbox 893 1265 964 1318; x_wconf 89' lang='lat' dir='ltr'>nota</span> 
     </span>
     <span class='ocr_line' id='line_1_13' title="bbox 346 1337 879 1419; baseline 0.009 -22"><span class='ocrx_word' id='word_1_54' title='bbox 346 1337 410 1398; x_wconf 93' lang='lat' dir='ltr'>Neu</span> <span class='ocrx_word' id='word_1_55' title='bbox 426 1349 581 1419; x_wconf 85' lang='lat' dir='ltr'>promptae</span> <span class='ocrx_word' id='word_1_56' title='bbox 596 1339 702 1401; x_wconf 89' lang='lat' dir='ltr'>modus</span> <span class='ocrx_word' id='word_1_57' title='bbox 718 1341 879 1419; x_wconf 88' lang='lat' dir='ltr'>amphorae</span> 
     </span>
     <span class='ocr_line' id='line_1_14' title="bbox 392 1424 1067 1505; baseline 0.006 -21"><span class='ocrx_word' id='word_1_58' title='bbox 392 1424 456 1485; x_wconf 90' lang='lat' dir='ltr'>Neu</span> <span class='ocrx_word' id='word_1_59' title='bbox 471 1443 584 1485; x_wconf 90' lang='lat' dir='ltr'>morem</span> <span class='ocrx_word' id='word_1_60' title='bbox 601 1425 630 1485; x_wconf 93' lang='lat' dir='ltr'>in</span> <span class='ocrx_word' id='word_1_61' title='bbox 648 1426 758 1486; x_wconf 90' lang='lat' dir='ltr'>Salium</span> <span class='ocrx_word' id='word_1_62' title='bbox 773 1426 811 1486; x_wconf 92' lang='lat' dir='ltr'>sit</span> <span class='ocrx_word' id='word_1_63' title='bbox 825 1426 943 1505; x_wconf 85' lang='lat' dir='ltr'>requies</span> <span class='ocrx_word' id='word_1_64' title='bbox 957 1426 1067 1505; x_wconf 93' lang='lat' dir='ltr'>pedum</span> 
     </span>
     <span class='ocr_line' id='line_1_15' title="bbox 346 1507 740 1571; baseline 0.008 -4"><span class='ocrx_word' id='word_1_65' title='bbox 346 1507 409 1569; x_wconf 91' lang='lat' dir='ltr'>Neu</span> <span class='ocrx_word' id='word_1_66' title='bbox 424 1510 508 1570; x_wconf 90' lang='lat' dir='ltr'>multi</span> <span class='ocrx_word' id='word_1_67' title='bbox 525 1510 651 1571; x_wconf 86' lang='lat' dir='ltr'>Damalis</span> <span class='ocrx_word' id='word_1_68' title='bbox 667 1510 740 1571; x_wconf 89' lang='lat' dir='ltr'>meri</span> 
     </span>
     <span class='ocr_line' id='line_1_16' title="bbox 393 1593 935 1675; baseline 0.009 -23"><span class='ocrx_word' id='word_1_69' title='bbox 393 1593 515 1656; x_wconf 81' lang='lat' dir='ltr'>ansum</span> <span class='ocrx_word' id='word_1_70' title='bbox 529 1595 666 1655; x_wconf 87' lang='lat' dir='ltr'>Threicia</span> <span class='ocrx_word' id='word_1_71' title='bbox 681 1596 779 1655; x_wconf 84' lang='lat' dir='ltr'>vineat</span> <span class='ocrx_word' id='word_1_72' title='bbox 793 1595 935 1675; x_wconf 83' lang='lat' dir='ltr'>amystide</span> 
     </span>
     <span class='ocr_line' id='line_1_17' title="bbox 275 1677 735 1759; baseline 0.011 -24"><span class='ocrx_word' id='word_1_73' title='bbox 275 1686 303 1735; x_wconf 78' lang='lat' dir='ltr'>to</span> <span class='ocrx_word' id='word_1_74' title='bbox 346 1677 411 1738; x_wconf 91' lang='lat' dir='ltr'>Neu</span> <span class='ocrx_word' id='word_1_75' title='bbox 427 1679 525 1741; x_wconf 89' lang='lat' dir='ltr'>desint</span> <span class='ocrx_word' id='word_1_76' title='bbox 541 1679 635 1759; x_wconf 92' lang='lat' dir='ltr'>epulis</span> <span class='ocrx_word' id='word_1_77' title='bbox 651 1698 735 1740; x_wconf 88' lang='lat' dir='ltr'>rosae</span> 
     </span>
     <span class='ocr_line' id='line_1_18' title="bbox 392 1764 965 1843; baseline 0.002 -20"><span class='ocrx_word' id='word_1_78' title='bbox 392 1764 456 1825; x_wconf 88' lang='lat' dir='ltr'>Neu</span> <span class='ocrx_word' id='word_1_79' title='bbox 473 1765 552 1825; x_wconf 84' lang='lat' dir='ltr'>vivax</span> <span class='ocrx_word' id='word_1_80' title='bbox 568 1764 667 1843; x_wconf 91' lang='lat' dir='ltr'>apium</span> <span class='ocrx_word' id='word_1_81' title='bbox 685 1783 743 1824; x_wconf 91' lang='lat' dir='ltr'>neu</span> <span class='ocrx_word' id='word_1_82' title='bbox 759 1764 847 1825; x_wconf 87' lang='lat' dir='ltr'>breve</span> <span class='ocrx_word' id='word_1_83' title='bbox 862 1765 965 1826; x_wconf 90' lang='lat' dir='ltr'>lilium.</span> 
     </span>
     <span class='ocr_line' id='line_1_19' title="bbox 348 1846 768 1927; baseline 0.007 -20"><span class='ocrx_word' id='word_1_84' title='bbox 348 1846 459 1909; x_wconf 89' lang='lat' dir='ltr'>Omnes</span> <span class='ocrx_word' id='word_1_85' title='bbox 475 1850 506 1908; x_wconf 95' lang='lat' dir='ltr'>in</span> <span class='ocrx_word' id='word_1_86' title='bbox 523 1848 654 1909; x_wconf 85' lang='lat' dir='ltr'>Damalin</span> <span class='ocrx_word' id='word_1_87' title='bbox 672 1849 768 1927; x_wconf 91' lang='lat' dir='ltr'>putris</span> 
     </span>
     <span class='ocr_line' id='line_1_20' title="bbox 394 1933 976 2012; baseline 0.003 -20"><span class='ocrx_word' id='word_1_88' title='bbox 394 1933 552 2012; x_wconf 86' lang='lat' dir='ltr'>Deponent</span> <span class='ocrx_word' id='word_1_89' title='bbox 567 1933 669 1994; x_wconf 87' lang='lat' dir='ltr'>oeulos</span> <span class='ocrx_word' id='word_1_90' title='bbox 684 1952 741 1994; x_wconf 87' lang='lat' dir='ltr'>neo</span> <span class='ocrx_word' id='word_1_91' title='bbox 757 1933 883 1995; x_wconf 85' lang='lat' dir='ltr'>Damalis</span> <span class='ocrx_word' id='word_1_92' title='bbox 900 1953 976 1994; x_wconf 89' lang='lat' dir='ltr'>novo</span> 
     </span>
     <span class='ocr_line' id='line_1_21' title="bbox 344 2016 666 2091; baseline 0.006 -15"><span class='ocrx_word' id='word_1_93' title='bbox 344 2016 507 2078; x_wconf 79' lang='lat' dir='ltr'>bivelletur</span> <span class='ocrx_word' id='word_1_94' title='bbox 522 2018 666 2091; x_wconf 87' lang='lat' dir='ltr'>adultero,</span> 
     </span>
     <span class='ocr_line' id='line_1_22' title="bbox 274 2101 855 2165; baseline 0.005 -5"><span class='ocrx_word' id='word_1_95' title='bbox 274 2110 303 2160; x_wconf 83' lang='lat'>20</span> <span class='ocrx_word' id='word_1_96' title='bbox 388 2101 518 2165; x_wconf 89' lang='lat' dir='ltr'>Lasoivis</span> <span class='ocrx_word' id='word_1_97' title='bbox 533 2103 649 2165; x_wconf 91' lang='lat' dir='ltr'>hederis</span> <span class='ocrx_word' id='word_1_98' title='bbox 665 2103 855 2165; x_wconf 87' lang='lat' dir='ltr'>ambitiosior.</span> 
     </span>
    </p>
   </div>
   <div class='ocr_carea' id='block_1_4' title="bbox 681 2324 832 2332">
    <p class='ocr_par' dir='ltr' id='par_1_4' title="bbox 681 2324 832 2332">
     <span class='ocr_line' id='line_1_23' title="bbox 681 2324 832 2332; baseline -0.007 0"><span class='ocrx_word' id='word_1_99' title='bbox 681 2324 832 2332; x_wconf 53' lang='lat'>*—</span> 
     </span>
    </p>
   </div>
   <div class='ocr_carea' id='block_1_5' title="bbox 691 2490 822 2551">
    <p class='ocr_par' dir='ltr' id='par_1_5' title="bbox 691 2490 822 2551">
     <span class='ocr_line' id='line_1_24' title="bbox 691 2490 822 2551; baseline 0 -1"><span class='ocrx_word' id='word_1_100' title='bbox 691 2490 822 2551; x_wconf 90' lang='lat' dir='ltr'>XXXVll</span> 
     </span>
    </p>
   </div>
   <div class='ocr_carea' id='block_1_6' title="bbox 348 2608 978 2943">
    <p class='ocr_par' dir='ltr' id='par_1_6' title="bbox 348 2608 978 2943">
     <span class='ocr_line' id='line_1_25' title="bbox 348 2608 978 2689; baseline 0 -21"><span class='ocrx_word' id='word_1_101' title='bbox 348 2609 434 2668; x_wconf 87' lang='lat' dir='ltr'>Nune</span> <span class='ocrx_word' id='word_1_102' title='bbox 449 2617 494 2669; x_wconf 91' lang='lat' dir='ltr'>est</span> <span class='ocrx_word' id='word_1_103' title='bbox 508 2608 681 2681; x_wconf 89' lang='lat' dir='ltr'>bibendum,</span> <span class='ocrx_word' id='word_1_104' title='bbox 699 2628 779 2670; x_wconf 88' lang='lat' dir='ltr'>nuno</span> <span class='ocrx_word' id='word_1_105' title='bbox 794 2610 869 2689; x_wconf 90' lang='lat' dir='ltr'>pede</span> <span class='ocrx_word' id='word_1_106' title='bbox 884 2609 978 2669; x_wconf 90' lang='lat' dir='ltr'>libero</span> 
     </span>
     <span class='ocr_line' id='line_1_26' title="bbox 349 2692 878 2766; baseline 0.006 -15"><span class='ocrx_word' id='word_1_107' title='bbox 349 2692 494 2754; x_wconf 92' lang='lat' dir='ltr'>Pulsanda</span> <span class='ocrx_word' id='word_1_108' title='bbox 510 2693 605 2766; x_wconf 86' lang='lat' dir='ltr'>tellus,</span> <span class='ocrx_word' id='word_1_109' title='bbox 622 2713 703 2755; x_wconf 86' lang='lat' dir='ltr'>nune</span> <span class='ocrx_word' id='word_1_110' title='bbox 719 2694 878 2756; x_wconf 88' lang='lat' dir='ltr'>Saliaribus</span> 
     </span>
     <span class='ocr_line' id='line_1_27' title="bbox 395 2778 798 2857; baseline 0.005 -19"><span class='ocrx_word' id='word_1_111' title='bbox 395 2778 510 2839; x_wconf 90' lang='lat' dir='ltr'>Ornare</span> <span class='ocrx_word' id='word_1_112' title='bbox 525 2779 661 2857; x_wconf 90' lang='lat' dir='ltr'>pulvinar</span> <span class='ocrx_word' id='word_1_113' title='bbox 677 2780 798 2840; x_wconf 87' lang='lat' dir='ltr'>deorum</span> 
     </span>
     <span class='ocr_line' id='line_1_28' title="bbox 445 2863 945 2943; baseline 0 -20"><span class='ocrx_word' id='word_1_114' title='bbox 445 2864 575 2943; x_wconf 87' lang='lat' dir='ltr'>Tempus</span> <span class='ocrx_word' id='word_1_115' title='bbox 591 2872 653 2924; x_wconf 91' lang='lat' dir='ltr'>erat</span> <span class='ocrx_word' id='word_1_116' title='bbox 668 2863 801 2943; x_wconf 89' lang='lat' dir='ltr'>dapibus,</span> <span class='ocrx_word' id='word_1_117' title='bbox 817 2863 945 2924; x_wconf 91' lang='lat' dir='ltr'>sodalesl</span> 
     </span>
    </p>
   </div>
   <div class='ocr_carea' id='block_1_7' title="bbox 291 2999 953 3332">
    <p class='ocr_par' dir='ltr' id='par_1_7' title="bbox 291 2999 953 3332">
     <span class='ocr_line' id='line_1_29' title="bbox 291 2999 953 3078; baseline 0.002 -20"><span class='ocrx_word' id='word_1_118' title='bbox 291 3009 306 3058; x_wconf 82' lang='lat'><strong>5</strong></span> <span class='ocrx_word' id='word_1_119' title='bbox 349 3001 480 3059; x_wconf 82' lang='lat' dir='ltr'>Antehac</span> <span class='ocrx_word' id='word_1_120' title='bbox 497 3000 579 3060; x_wconf 89' lang='lat' dir='ltr'>nefas</span> <span class='ocrx_word' id='word_1_121' title='bbox 595 2999 770 3078; x_wconf 87' lang='lat' dir='ltr'>depromere</span> <span class='ocrx_word' id='word_1_122' title='bbox 787 2999 953 3061; x_wconf 85' lang='lat' dir='ltr'>Caecubum</span> 
     </span>
     <span class='ocr_line' id='line_1_30' title="bbox 349 3083 787 3162; baseline 0.007 -19"><span class='ocrx_word' id='word_1_123' title='bbox 349 3083 434 3143; x_wconf 84' lang='lat' dir='ltr'>Collis</span> <span class='ocrx_word' id='word_1_124' title='bbox 450 3084 543 3157; x_wconf 88' lang='lat' dir='ltr'>avitis,</span> <span class='ocrx_word' id='word_1_125' title='bbox 559 3084 629 3144; x_wconf 91' lang='lat' dir='ltr'>dum</span> <span class='ocrx_word' id='word_1_126' title='bbox 645 3084 787 3162; x_wconf 87' lang='lat' dir='ltr'>Capitolio</span> 
     </span>
     <span class='ocr_line' id='line_1_31' title="bbox 394 3167 784 3245; baseline 0.008 -18"><span class='ocrx_word' id='word_1_127' title='bbox 394 3167 507 3245; x_wconf 77' lang='lat' dir='ltr'>Regina</span> <span class='ocrx_word' id='word_1_128' title='bbox 523 3169 668 3229; x_wconf 90' lang='lat' dir='ltr'>dementis</span> <span class='ocrx_word' id='word_1_129' title='bbox 683 3169 784 3230; x_wconf 88' lang='lat' dir='ltr'>ruinas</span> 
     </span>
     <span class='ocr_line' id='line_1_32' title="bbox 446 3251 871 3332; baseline 0.005 -21"><span class='ocrx_word' id='word_1_130' title='bbox 446 3251 549 3315; x_wconf 85' lang='lat' dir='ltr'>Funus</span> <span class='ocrx_word' id='word_1_131' title='bbox 565 3261 594 3314; x_wconf 93' lang='lat' dir='ltr'>et</span> <span class='ocrx_word' id='word_1_132' title='bbox 609 3253 733 3332; x_wconf 90' lang='lat' dir='ltr'>imperio</span> <span class='ocrx_word' id='word_1_133' title='bbox 750 3253 871 3331; x_wconf 89' lang='lat' dir='ltr'>parabat</span> 
     </span>
    </p>
   </div>
   <div class='ocr_carea' id='block_1_8' title="bbox 278 3385 929 3719">
    <p class='ocr_par' dir='ltr' id='par_1_8' title="bbox 278 3385 929 3636">
     <span class='ocr_line' id='line_1_33' title="bbox 348 3385 891 3468; baseline 0.004 -23"><span class='ocrx_word' id='word_1_134' title='bbox 348 3385 554 3449; x_wconf 84' lang='lat' dir='ltr'>Contaminato</span> <span class='ocrx_word' id='word_1_135' title='bbox 571 3407 639 3449; x_wconf 87' lang='lat' dir='ltr'>oum</span> <span class='ocrx_word' id='word_1_136' title='bbox 655 3406 744 3468; x_wconf 80' lang='lat' dir='ltr'>grege</span> <span class='ocrx_word' id='word_1_137' title='bbox 761 3388 891 3467; x_wconf 90' lang='lat' dir='ltr'>turpium</span> 
     </span>
     <span class='ocr_line' id='line_1_34' title="bbox 278 3470 929 3552; baseline 0.008 -22"><span class='ocrx_word' id='word_1_138' title='bbox 278 3479 306 3530; x_wconf 83' lang='lat' dir='ltr'>lo</span> <span class='ocrx_word' id='word_1_139' title='bbox 349 3470 451 3532; x_wconf 89' lang='lat' dir='ltr'>Morbo</span> <span class='ocrx_word' id='word_1_140' title='bbox 467 3473 608 3547; x_wconf 87' lang='lat' dir='ltr'>virorum,</span> <span class='ocrx_word' id='word_1_141' title='bbox 625 3473 767 3551; x_wconf 87' lang='lat' dir='ltr'>quidlibet</span> <span class='ocrx_word' id='word_1_142' title='bbox 781 3474 929 3552; x_wconf 91' lang='lat' dir='ltr'>impotens</span> 
     </span>
     <span class='ocr_line' id='line_1_35' title="bbox 395 3556 806 3636; baseline 0.01 -21"><span class='ocrx_word' id='word_1_143' title='bbox 395 3556 520 3635; x_wconf 89' lang='lat' dir='ltr'>Sperare</span> <span class='ocrx_word' id='word_1_144' title='bbox 534 3559 713 3636; x_wconf 90' lang='lat' dir='ltr'>fortunaque</span> <span class='ocrx_word' id='word_1_145' title='bbox 729 3559 806 3619; x_wconf 85' lang='lat' dir='ltr'>dulci</span> 
     </span>
    </p>

    <p class='ocr_par' dir='ltr' id='par_1_9' title="bbox 446 3634 887 3719">
     <span class='ocr_line' id='line_1_36' title="bbox 446 3634 887 3719; baseline 0.009 -18"><span class='ocrx_word' id='word_1_146' title='bbox 446 3634 534 3703; x_wconf 87' lang='lat' dir='ltr'>Ebria</span> <span class='ocrx_word' id='word_1_147' title='bbox 543 3662 551 3719; x_wconf 91' lang='lat'>;</span> <span class='ocrx_word' id='word_1_148' title='bbox 567 3644 618 3704; x_wconf 90' lang='lat' dir='ltr'>sed</span> <span class='ocrx_word' id='word_1_149' title='bbox 634 3644 741 3705; x_wconf 91' lang='lat' dir='ltr'>minuit</span> <span class='ocrx_word' id='word_1_150' title='bbox 756 3645 887 3705; x_wconf 88' lang='lat' dir='ltr'>furorem</span> 
     </span>
    </p>
   </div>
   <div class='ocr_carea' id='block_1_9' title="bbox 307 3889 1171 3963">
    <p class='ocr_par' dir='ltr' id='par_1_10' title="bbox 307 3889 1171 3963">
     <span class='ocr_line' id='line_1_37' title="bbox 307 3889 1171 3963; baseline 0.007 -23"><span class='ocrx_word' id='word_1_151' title='bbox 307 3889 409 3942; x_wconf 89' lang='lat' dir='ltr'>XXXVl</span> <span class='ocrx_word' id='word_1_152' title='bbox 429 3909 450 3943; x_wconf 84' lang='lat' dir='ltr'>o.</span> <span class='ocrx_word' id='word_1_153' title='bbox 472 3895 501 3945; x_wconf 89' lang='lat'>11</span> <span class='ocrx_word' id='word_1_154' title='bbox 521 3908 568 3944; x_wconf 86' lang='lat' dir='ltr'>nee</span> <span class='ocrx_word' id='word_1_155' title='bbox 591 3895 596 3960; x_wconf 86' lang='grc' dir='ltr'>Ι</span> <span class='ocrx_word' id='word_1_156' title='bbox 622 3897 653 3945; x_wconf 82' lang='lat'>12</span> <span class='ocrx_word' id='word_1_157' title='bbox 673 3910 719 3946; x_wconf 87' lang='lat' dir='ltr'>nee</span> <span class='ocrx_word' id='word_1_158' title='bbox 743 3894 748 3963; x_wconf 91' lang='grc' dir='ltr'>Ι</span> <span class='ocrx_word' id='word_1_159' title='bbox 774 3897 803 3947; x_wconf 86' lang='grc'>13</span> <span class='ocrx_word' id='word_1_160' title='bbox 823 3911 870 3947; x_wconf 88' lang='lat' dir='ltr'>nec</span> <span class='ocrx_word' id='word_1_161' title='bbox 893 3895 897 3961; x_wconf 89' lang='grc' dir='ltr'>Ι</span> <span class='ocrx_word' id='word_1_162' title='bbox 924 3897 953 3946; x_wconf 85' lang='grc'>15</span> <span class='ocrx_word' id='word_1_163' title='bbox 973 3909 1020 3946; x_wconf 87' lang='lat' dir='ltr'>nee</span> <span class='ocrx_word' id='word_1_164' title='bbox 1043 3895 1047 3962; x_wconf 92' lang='grc' dir='ltr'>Ι</span> <span class='ocrx_word' id='word_1_165' title='bbox 1074 3895 1104 3948; x_wconf 87' lang='grc'>18</span> <span class='ocrx_word' id='word_1_166' title='bbox 1123 3908 1171 3946; x_wconf 89' lang='lat' dir='ltr'>nen</span> 
     </span>
    </p>
   </div>
   <div class='ocr_carea' id='block_1_10' title="bbox 0 0 1350 4448">
    <p class='ocr_par' dir='ltr' id='par_1_11' title="bbox 0 0 1350 4448">
     <span class='ocr_line' id='line_1_38' title="bbox 0 0 1350 4448; baseline 0 0"><span class='ocrx_word' id='word_1_167' title='bbox 0 0 1350 4448; x_wconf 95' lang='lat' dir='ltr'> </span> 
     </span>
    </p>
   </div>
  </div>
 </body>
</html>
