2656 4448
505 229 734 282 EPISTULARUM
752 231 761 284 l
780 234 820 285 16.

629 402 694 464 XVI

212 519 255 582 Ne
278 520 472 600 perconteris,
496 519 606 580 lundus
628 538 721 594 meus,
745 521 855 600 optime
879 521 1009 594 Quincti,

211 607 288 666 Arvo
311 614 412 685 pascat
433 622 516 665 erum
540 624 577 665 an
602 605 681 666 bacis
704 606 858 684 opulentet
880 607 979 681 olivae,

211 691 350 752 Pomisne
373 699 402 750 et
424 690 515 769 pratis
537 709 573 751 an
598 691 701 751 amicta
723 690 832 752 vitibus
855 692 944 767 ulmo,

212 775 366 839 Scribetnr
387 775 440 835 tibi
463 777 557 835 forma
579 776 743 854 loquaciter
766 785 794 836 et
815 776 889 838 situs
911 776 983 856 agri.

212 861 353 924 Continui
376 870 502 932 montes,
526 861 556 921 ni
579 858 776 922 dissocientur
799 880 890 940 opaca
1184 877 1199 926 5

210 947 300 1020 Valle,
323 945 373 1007 sed
397 955 430 1005 ut
451 945 573 1006 veniens
595 946 730 1006 dextrum
753 946 828 1007 latus
850 945 992 1026 adspiciat
1012 949 1067 1023 sol,

211 1031 339 1094 Laevum
361 1030 515 1091 discedens
537 1048 626 1091 curru
649 1031 780 1110 fugiente
802 1040 932 1112 vaporet.

173 1110 182 1127 ”
211 1116 398 1196 Temperiem
420 1115 530 1177 laudes.
576 1116 662 1190 Quid,
686 1117 710 1177 si
733 1115 899 1177 rubicunda
921 1117 1044 1198 benigni

211 1202 308 1264 Corna
329 1219 434 1280 vepres
457 1209 487 1260 et
508 1219 604 1280 pruna
627 1199 745 1262 lerant?
768 1202 792 1262 si
815 1221 961 1280 quaereus
983 1213 1013 1264 et
1034 1204 1091 1264 ilex

211 1287 301 1348 Multa
323 1288 409 1364 fruge
430 1303 532 1365 pecus,
555 1286 644 1346 multa
668 1287 821 1348 dominum
845 1288 924 1349 iuvet
945 1287 1071 1349 umbra?
1170 1299 1199 1350 10

210 1373 296 1434 Dicas
319 1371 477 1431 adductum
499 1371 623 1450 propius
645 1372 785 1432 frondere
807 1372 979 1433 Tarentum.

211 1457 291 1518 Fons
312 1456 399 1518 etiam
423 1456 484 1516 rivo
508 1457 577 1516 dare
600 1474 709 1516 nomen
732 1455 867 1530 idoneus,
890 1467 923 1518 ut
946 1477 1001 1518 nec

210 1541 357 1622 Frigidior
378 1540 522 1601 Thracam
547 1559 602 1601 nec
623 1541 726 1619 purior
748 1541 857 1601 ambiat
878 1541 1005 1616 Hebrus,

211 1628 331 1689 lufirmo
355 1626 443 1705 capiti
465 1626 530 1685 fluit
552 1625 640 1697 utilis,
664 1627 743 1687 utilis
766 1627 838 1686 alvo.

210 1713 272 1774 Hae
293 1711 422 1773 latebrae
445 1711 545 1771 dulces
568 1720 607 1783 et,
630 1711 686 1771 iam
709 1713 733 1772 si
757 1712 860 1784 eredis,
884 1729 1026 1772 amoenae
1170 1722 1198 1772 15

210 1797 392 1859 lneolumem
415 1795 468 1856 tibi
491 1814 538 1856 me
560 1806 713 1875 praestant
734 1795 959 1876 Septembribus
982 1796 1072 1857 boris.
1095 1830 1137 1840 —-

209 1884 254 1944 Tu
277 1881 460 1953 reclausis,
483 1881 507 1941 si
531 1899 616 1942 curas
639 1900 701 1942 esse
725 1882 804 1960 quod
827 1881 918 1942 audis.

208 1968 354 2030 laetamus
374 1967 431 2027 iam
455 1967 569 2046 pridem
593 1967 689 2028 omnis
711 1976 740 2027 te
762 1967 856 2027 Roma
879 1966 1008 2040 beatum,
1078 1960 1081 1968 ’

210 2052 269 2115 Sed
290 2070 403 2127 vereor,
426 2071 464 2112 ne
487 2052 535 2112 cui
558 2052 593 2112 de
617 2060 644 2112 te
667 2052 843 2131 plusquam
868 2051 920 2112 tibi
943 2052 1053 2124 credas,

209 2139 287 2199 Neve
310 2147 396 2218 putes
418 2137 506 2198 alium
529 2137 662 2217 sapiente
684 2137 825 2216 bonoque
847 2137 977 2210 beatum,

207 2224 282 2297 Neu,
305 2224 330 2284 si
352 2231 381 2284 te
403 2223 532 2303 populus
552 2240 656 2284 sanum
679 2231 819 2300 recteque
841 2223 987 2283 valentem

211 2308 339 2380 Dictitet,
363 2308 510 2368 occultam
533 2308 646 2369 lebrem
669 2307 725 2368 sub
748 2317 866 2389 tempus
888 2307 994 2368 edendi

210 2393 392 2466 Dissimules‚
416 2393 512 2453 donec
534 2392 672 2453 manibus
693 2403 805 2453 tremor
828 2393 939 2453 incidat
961 2391 1069 2452 unctis.

211 2479 374 2539 Stultorum
398 2477 531 2537 incurata
553 2476 650 2556 pudor
671 2478 766 2538 malus
787 2478 888 2537 ulcera
911 2477 994 2537 celat.
1018 2510 1059 2520 -

211 2563 308 2642 Siquis
331 2562 406 2624 bella
429 2561 482 2622 tibi
504 2571 582 2622 terra
604 2573 735 2641 pugnata
757 2563 890 2641 marique

210 2649 294 2710 Dicat
316 2648 412 2709 ethis
433 2647 530 2708 verbis
552 2665 657 2708 vacuas
679 2648 860 2727 permulceat
882 2647 976 2707 auris:

206 2728 302 2794 ‘Tene
324 2733 417 2812 magis
439 2733 548 2794 salvum
572 2733 700 2812 populus
721 2733 791 2794 velit
812 2752 849 2793 an
872 2732 1015 2812 populum
1037 2739 1078 2805 tu,

209 2818 314 2880 Servet
335 2818 365 2878 in
388 2817 526 2897 ambiguo
550 2819 600 2896 qui
623 2818 751 2879 consulit
773 2827 803 2878 et
824 2816 877 2878 tibi
900 2827 929 2876 et
951 2815 1018 2877 urbi

209 2897 360 2984 luppiter,'
384 2904 507 2981 Augusti
530 2903 631 2963 laudes
653 2921 815 2982 agnoscere
837 2902 948 2982 possis;
982 2918 985 2923 ·

210 2988 282 3050 Cum
304 2988 415 3068 pateris
436 2989 555 3068 sapiens
576 2990 807 3066 emendatusque
829 2987 937 3060 vocari,

123 3130 127 3141 ,
210 3071 424 3152 Respondesne
447 3081 509 3146 tuo,
532 3073 579 3133 dic
601 3072 697 3144 sodes,
721 3070 865 3133 nomine?
884 3066 1011 3151 ‘Nempe

210 3158 261 3218 Vir
284 3157 381 3219 bonus
404 3166 432 3218 et
453 3159 586 3236 prudens
609 3157 665 3218 dici
688 3157 820 3217 delector
842 3175 897 3234 ego
920 3175 953 3217 ae
976 3150 1027 3217 tu.³

210 3243 268 3314 Qui
291 3243 370 3305 dedit
391 3242 448 3303 hoc
472 3243 568 3317 hodie,
592 3242 702 3303 crassi
726 3242 803 3303 volet
824 3243 946 3315 auferet,
970 3251 1002 3303 ut
1024 3240 1047 3302 si

209 3328 354 3389 Detulerit
375 3328 461 3388 lascis
483 3328 615 3407 indigno,
639 3327 772 3388 detrahet
793 3327 880 3388 idem.

206 3406 311 3485 ‘Pone
333 3431 432 3474 meum
456 3405 517 3485 est,'
542 3414 654 3491 inquit:
677 3432 758 3493 pono
781 3414 932 3491 tristisque
954 3410 1071 3473 recedo.
1184 3421 1194 3434 '

209 3499 300 3574 ldem,
323 3498 348 3559 si
372 3498 477 3557 clamet
499 3499 604 3573 furem,
629 3508 717 3577 neget
740 3516 803 3560 osse
826 3499 977 3578 pudicum,

211 3580 376 3646 contendat
397 3583 502 3660 laqueo
526 3582 636 3643 collum
658 3583 801 3662 pressisse
823 3591 991 3663 paternum,

210 3668 346 3730 Mordear
369 3666 537 3747 opprobriis
560 3667 638 3728 falsis
659 3677 832 3748 mutemque
854 3665 990 3729 colores?

121 3789 327 3799 ..—-——

208 3851 308 3906 xviv.
327 3853 342 3902 3
361 3854 397 3916 et]
415 3867 447 3903 an
462 3849 467 3918 Ι
483 3854 498 3902 5
516 3851 538 3902 si
556 3855 613 3901 tum
631 3854 645 3902 ἵ
663 3855 778 3918 vaporet,
794 3852 798 3919 Ι
815 3856 829 3904 l
848 3849 1006 3904 descendens
1018 3851 1052 3915 (o)
1067 3844 1194 3900 decedens

121 3920 210 3974 Bontl.
226 3921 230 3987 Ι
248 3922 280 3973 14
297 3924 373 3985 aptus
391 3923 417 3970 et
434 3919 506 3971 utilis
522 3920 557 3985 (o)
572 3917 577 3986 Ι
592 3920 624 3972 30
642 3920 740 3985 poteris
