2656 4448
205 236 265 294 190
567 236 797 289 EPlSTULARUlll
815 237 824 288 l
842 241 865 290 5.
884 241 908 290 6.

288 407 319 468 Si
341 409 447 470 melius
469 410 539 488 qnid
561 408 653 470 habes
676 427 799 482 arcesse,
822 410 868 470 vel
890 409 1047 489 imperium
1071 412 1130 471 ier:

286 493 458 555 Iamdudum
480 495 616 573 splendet
638 495 722 554 locus
745 504 774 554 et
795 493 848 554 tibi
871 495 980 572 munda
1003 497 1144 575 supellex.

286 577 369 639 Mitte
391 579 462 640 levis
483 598 551 659 spes
574 588 604 640 et
626 579 785 639 certamina
810 579 973 640 divitiarum

286 663 324 724 Bt
345 663 458 725 Moschi
480 683 614 725 causam:
639 682 704 725 cras
727 673 796 724 nato
820 664 943 726 Caesare
966 666 1057 726 festus

288 749 343 810 Dat
364 750 479 810 veniam
501 768 699 828 somnumque
721 749 798 821 dies;
822 750 943 828 impune
966 750 1065 811 licebit

285 835 429 895 destinam
452 853 590 895 sermone
613 835 744 914 benigno
767 835 890 894 tendere
913 845 1042 895 noctem.

286 919 353 990 Quo
375 919 446 979 mihi
469 921 630 992 fortunam,
653 919 678 980 si
702 939 761 979 non
786 920 959 981 conceditur
982 918 1047 980 uti‘l

287 1005 396 1065 Parcus
418 1005 456 1064 ob
478 1005 595 1065 heredis
617 1023 717 1065 curam
741 1004 924 1084 nimiumque
946 1023 1066 1066 severus

285 1090 405 1150 Adsidet
427 1091 548 1150 insano:
571 1099 675 1168 potare
698 1099 727 1149 et
748 1108 887 1168 spargere
909 1091 998 1151 llores

285 1174 429 1254 Incipiam
452 1175 605 1253 patiarque
627 1176 672 1235 vel
695 1175 881 1236 inconsultus
903 1174 1015 1235 haberi.

286 1260 363 1331 Quid
387 1279 448 1320 nou
472 1259 598 1320 ebrietas
620 1257 783 1336 dissignat?
807 1269 909 1338 operta
933 1261 1067 1334 recludit,

285 1346 359 1424 Spes
382 1345 463 1405 iubet
485 1363 549 1412 esse
570 1354 658 1417 ratas,
681 1346 716 1405 ad
739 1344 850 1424 proelia
873 1346 966 1405 trudit
987 1346 1122 1419 inertem,

285 1431 424 1491 Sollicitis
445 1431 550 1490 animis
572 1448 648 1490 onus
670 1430 779 1503 eximit,
802 1431 926 1490 addocet
947 1431 1028 1491 artis.

284 1516 416 1576 Fecundi
439 1515 544 1576 calices
567 1534 655 1593 quem
678 1534 739 1575 nou
763 1515 860 1575 iecere
883 1516 1035 1587 disertum,

286 1601 444 1662 Contracta
467 1619 554 1679 quom
579 1620 639 1660 non
664 1600 693 1660 in
717 1611 892 1679 paupertate
914 1598 1067 1661 solutum?

286 1687 365 1747 Haec
388 1704 442 1764 ego
465 1689 627 1764 procurare
650 1695 679 1745 et
700 1685 825 1746 idoneus
847 1685 978 1764 imperor
1000 1695 1030 1746 et
1051 1703 1112 1746 non

284 1772 405 1846 Invitus,
430 1790 467 1830 ne
490 1779 577 1849 turpe
601 1771 685 1842 toral,
710 1789 747 1831 ne
770 1770 888 1831 sordida
911 1788 1016 1850 mappa

285 1857 437 1935 Conruget
460 1856 549 1928 naris,
574 1874 610 1916 ne
634 1874 695 1914 non
719 1863 749 1914 et
770 1856 928 1917 cantharus
951 1866 980 1916 et
1001 1855 1069 1916 lanx

285 1942 427 2003 Ostendat
449 1941 501 2001 tibi
525 1951 563 2011 te,
588 1960 626 2000 ne
649 1940 722 2001 fidos
745 1942 823 2001 inter
845 1942 955 2002 amicos

285 2027 329 2086 Sit
351 2028 401 2104 qui
424 2027 500 2086 dicta
524 2026 601 2085 loras
624 2025 764 2085 eliminet.
808 2025 847 2085 Ut
869 2036 952 2086 cocat
974 2043 1028 2104 par

283 2111 486 2190 lungaturque
509 2110 580 2188 pari,
607 2109 726 2170 Butram
749 2111 800 2171 tibi
824 2111 1047 2189 Septiciumque

284 2195 321 2254 Et
345 2196 401 2256 nisi
424 2213 497 2254 cena
520 2195 601 2273 prior
623 2195 782 2274 potiorque
804 2197 902 2274 puella
925 2195 1066 2257 Sabinum

286 2281 403 2341 Detinet
423 2281 575 2340 adsumam
583 2297 591 2353 ;
614 2279 697 2341 locus
720 2290 815 2341 estet
837 2280 972 2360 pluribus
995 2279 1117 2352 umbris,

285 2367 342 2427 Sed
366 2366 453 2426 nimis
475 2376 536 2425 arta
559 2376 700 2445 premunt
722 2366 814 2426 olidae
837 2367 967 2427 convivia
990 2382 1106 2444 caprae.

284 2450 329 2511 Tu
353 2461 461 2530 quotus
483 2470 547 2512 esse
571 2452 640 2512 velis
662 2451 792 2512 rescribe
815 2463 844 2512 et
866 2452 955 2512 rebus
977 2450 1092 2512 omissis

286 2537 364 2597 Atria
387 2546 551 2598 servantem
575 2538 689 2615 postico
713 2537 778 2597 lalle
801 2536 948 2597 clientem.

659 2690 811 2697 --.--..

717 2788 754 2848 Vl

285 2910 331 2970 Nil
353 2911 488 2971 admirari
512 2929 605 2989 prope
629 2928 677 2970 res
700 2918 744 2969 est
765 2927 833 2981 una,
857 2907 981 2976 Numici,

285 2996 421 3075 Solaque,
445 3013 520 3074 quae
543 2995 636 3074 possit
658 2995 755 3054 lacere
777 3002 806 3053 et
827 3011 944 3053 servare
966 2991 1095 3051 beatum.

285 3081 373 3142 Hunc
395 3082 485 3142 solem
510 3089 539 3140 et
561 3081 658 3141 stellas
681 3088 709 3138 et
732 3078 904 3138 decedentia
926 3077 1014 3137 certis

283 3167 431 3246 Tempora
454 3167 611 3226 momentis
633 3174 704 3225 sunt
726 3164 775 3242 qui
798 3163 956 3222 formidine
979 3161 1059 3221 nulla

226 3263 241 3309 5
284 3251 392 3312 Imbuti
415 3260 559 3330 spectent.
604 3250 681 3320 Quid
705 3267 809 3310 censes
831 3265 955 3308 munera
977 3256 1081 3316 terrae,

285 3336 362 3407 Quid
385 3336 473 3396 maris
495 3345 643 3396 extremos
665 3334 776 3394 Arabas
798 3333 917 3393 ditantis
940 3341 970 3392 et
991 3330 1091 3400 ludos,

284 3421 408 3482 Ludicra
432 3420 511 3499 quid,
533 3421 654 3500 plausus
676 3429 706 3480 et
727 3418 812 3478 amici
836 3419 913 3478 dona
936 3412 1081 3488 Quiritis?

283 3655 305 3705 V
324 3673 348 3707 v.
369 3660 398 3709 11
418 3656 537 3707 lestiuam
555 3656 590 3718 (o)
602 3653 750 3703 Meinelo'us
766 3652 769 3716 Ι
789 3654 818 3704 16
831 3652 949 3717 designat
964 3651 968 3714 Ι
986 3654 1015 3702 17
1030 3650 1152 3700 inermem
1168 3648 1172 3711 Ι
1190 3649 1221 3698 te
1234 3645 1270 3696 la-

197 3724 271 3776 cundi
288 3727 291 3789 Ι
308 3727 340 3777 23
360 3739 406 3776 nec
424 3740 475 3775 non
494 3726 529 3787 (v)
545 3723 549 3790 Ι
565 3726 648 3787 2531.
667 3722 788 3772 eliminet.
807 3719 939 3787 Ut-pari,
952 3718 1064 3780 Butram]
1082 3715 1132 3766 Ios.
1146 3713 1269 3766 Lawiolre’

197 3792 229 3842 de
250 3792 350 3853 froude
368 3795 396 3845 P.
415 3793 534 3843 Merulae
551 3792 635 3841 Ennii
653 3806 716 3840 ann.
735 3789 847 3839 editoris
864 3791 925 3838 dise.
944 3787 1041 3849 (Boon.
1062 3785 1136 3846 1852)
1156 3785 1218 3837 thee.
1237 3785 1265 3840 ὃς

196 3861 295 3928 Pauly:
315 3861 438 3925 eliminet,
457 3861 581 3925 ut-pari.
600 3858 703 3910 Butram
719 3859 723 3924 Ι
741 3856 771 3907 Vl
789 3873 813 3908 o.
832 3858 894 3921 deq.
913 3855 988 3905 ludos
1006 3854 1111 3914 ludicra,
1130 3854 1188 3916 (cl)
1207 3849 1269 3918 quid

197 3933 223 3978 et
240 3927 325 3993 ludos,
344 3931 401 3994 (al)
419 3928 515 3980 ludicra
534 3928 594 3994 quid
613 3927 648 3978 ol.
667 3926 759 3977 ludos?
778 3923 887 3976 ludicra:
906 3922 968 3989 quid
987 3923 1012 3972 H
1017 3921 1028 3953 ²
