2656 4448
525 218 715 271 sarmarum
732 220 753 271 ll
771 223 795 272 3.
1132 219 1191 276 165

203 386 251 453 ‘ln
276 393 341 452 nive
364 393 483 453 Lucana
507 393 617 453 dormis
640 403 784 466 ocreatus,
808 400 841 452 ut
863 411 968 472 aprum

206 477 315 539 Cenem
339 496 409 556 ego;
433 486 465 538 tu
489 478 577 556 piscis
600 477 726 537 hiberno
750 496 785 538 ex
807 496 936 556 aequore
958 479 1059 538 verris.
1151 489 1194 539 235

207 562 314 642 Segnis
337 581 401 640 ego,
424 562 565 641 indignus
588 563 638 640 qui
660 570 776 622 tantum
798 563 980 641 possideam:
1004 565 1097 637 auser,

206 648 296 708 Sume
318 648 371 708 tibi
393 648 528 720 decieus3
552 646 606 706 tibi
628 648 819 722 tantundem;
841 648 894 708 tibi
916 648 1033 728 triplex,

206 733 291 794 Unde
315 752 388 793 uror
411 733 505 793 media
528 732 621 792 currit
642 733 678 792 de
702 742 789 792 nocte
810 729 930 794 vocata?

208 817 297 879 Filius
318 818 427 896 Aesopi
449 818 609 878 detractam
633 836 669 877 ex
691 835 760 877 aure
784 817 925 892 Metellae,

206 903 325 964 Scilicet
347 913 380 962 ut
402 903 522 963 deciens
544 902 669 962 solidum
693 901 876 978 absorberet,
899 913 983 964 aceto
1152 913 1194 963 240

206 987 296 1048 Diluit
318 988 466 1067 insignem
490 988 606 1047 bacam:
631 986 682 1065 qui
704 987 805 1048 sanior
827 1006 861 1048 ac
883 990 908 1049 si

206 1072 281 1134 lllud
304 1073 382 1133 idem
404 1073 435 1133 in
458 1072 593 1151 rapidum
616 1072 727 1133 flumen
751 1072 892 1134 iaceretve
909 1071 1066 1135 cloacam?

206 1156 310 1228 Quinti
332 1158 491 1237 progenies
514 1157 590 1229 Arri,
613 1175 667 1235 par
690 1157 789 1217 nobile
812 1160 946 1231 fratrum,

206 1242 342 1321 Nequitia
365 1252 394 1303 et
416 1243 512 1322 nugis,
535 1260 695 1320 pravorum
718 1252 747 1302 et
768 1262 870 1303 amore
892 1244 1059 1322 gemellum,

206 1327 360 1388 Luscinias
376 1328 459 1395 ,soliti
482 1327 618 1407 impenso
642 1328 788 1406 prandere
812 1340 970 1407 coemptas,
1068 1397 1071 1407 ¹
1152 1338 1195 1389 245

207 1410 356 1482 Quorsum
378 1410 508 1473 abeant?
530 1413 594 1472 sani
617 1421 650 1471 ut
672 1421 759 1483 creta,
783 1431 820 1472 an
843 1414 972 1474 carbone
995 1411 1108 1475 notati?
1132 1447 1173 1456 —

207 1497 370 1559 Aedificare
393 1517 483 1570 casas,
506 1498 642 1577 plostello
666 1498 827 1576 adiungere
849 1517 957 1571 mures,

207 1582 323 1643 Ludere
345 1601 399 1661 par
421 1584 527 1661 impar,
550 1583 681 1660 equitare
703 1584 733 1642 in
758 1583 923 1644 harundine
946 1585 1036 1662 longa

207 1667 327 1746 Siquam
350 1667 476 1728 delectet
498 1667 662 1738 barbatum,
685 1669 813 1727 amentia
835 1677 938 1728 verset.

208 1753 239 1813 Si
261 1753 405 1831 puerilius
427 1753 472 1813 bis
494 1752 568 1812 ratio
592 1771 656 1813 esse
679 1754 794 1812 evincet
816 1771 915 1812 amare
1152 1762 1195 1812 abt)

208 1838 270 1898 Nec
293 1838 452 1916 quicquam
476 1838 605 1910 differre,
628 1846 769 1898 utrumne
792 1838 823 1897 in
846 1838 976 1918 pulvere,
998 1838 1103 1898 trimus

208 1922 299 1994 Quale
321 1923 414 2001 priua,
438 1924 520 1984 ludas
543 1942 629 2001 opus,
653 1942 690 1983 an
713 1923 877 1984 meretricis
899 1942 1000 1985 amore

208 2007 358 2068 Sollicitus
380 2008 489 2087 plores,
514 2026 635 2086 quaero,
659 2008 786 2069 faciasne
809 2009 887 2087 quod
911 2009 980 2069 olim

207 2092 336 2154 Mutatus
358 2091 524 2154 Polemoni
547 2112 641 2172 ponas
663 2095 790 2173 insignia
813 2094 919 2167 morbi,

209 2177 363 2250 Fasciolas,
387 2179 505 2252 cubital,
529 2179 641 2253 localia,
664 2189 753 2259 potus
776 2188 809 2240 ut
831 2180 878 2240 ille

209 2261 323 2323 Dicitur
344 2282 380 2323 ex
403 2264 479 2324 collo
502 2265 601 2324 furtim
627 2266 771 2344 carpsisse
794 2284 928 2335 coronas,

211 2347 368 2425 Postquam
391 2359 436 2409 est
457 2350 600 2426 impransi
623 2359 778 2428 correptus
800 2369 871 2410 voce
894 2344 1047 2427 magistri?

210 2431 340 2510 Porrigis
361 2433 436 2492 irato
459 2451 553 2511 puero
576 2452 643 2493 cum
666 2451 762 2510 poma,
786 2444 911 2493 recusat.

206 2509 321 2588 ‘Sume
345 2516 465 2576 catello?
511 2517 618 2594 Negat3
642 2518 666 2577 si
689 2536 750 2576 non
773 2516 833 2590 des,
858 2526 966 2595 optet,
994 2516 1113 2575 Amator

211 2600 356 2661 Exclusus
380 2602 431 2679 qui
454 2602 550 2674 distat,
573 2602 632 2680 agit
654 2602 704 2661 ubi
727 2620 838 2674 secum,
862 2609 967 2662 eatan
991 2618 1052 2659 non
1156 2609 1198 2659 260

212 2686 276 2754 Quo
299 2685 449 2747 rediturus
471 2696 534 2747 erat
556 2706 616 2747 non
639 2687 806 2758 arcessitus,
830 2695 859 2746 et
880 2686 981 2746 haeret

213 2770 318 2830 invisis
340 2769 475 2832 loribus?
515 2767 572 2831 ‘Ne
595 2791 687 2844 nunc,
710 2790 777 2831 cum
800 2790 847 2832 me
869 2778 954 2831 vocet
976 2768 1063 2841 ultro,

213 2853 381 2916 Accedam?
405 2875 441 2916 an
465 2857 564 2934 potius
586 2857 711 2917 mediter
732 2856 818 2917 finire
841 2852 979 2916 dolores?

214 2940 355 3013 Exclusit,
378 2950 510 3021 revocat3
533 2939 672 3002 redeam?
695 2962 766 3014 non,
790 2942 814 3002 si
837 2934 991 3002 obsecret?
1031 2938 1112 2998 'Ecce

215 3025 331 3101 Servus,
356 3047 417 3087 non
441 3027 539 3106 paullo
562 3028 723 3105 sapientior
742 3020 773 3087 ‘o
797 3045 856 3098 ere,
881 3044 956 3105 quae
978 3043 1025 3084 res
1157 3032 1199 3081 265

214 3110 275 3172 Nec
297 3112 419 3171 modum
441 3112 530 3172 babet
552 3130 650 3190 neque
672 3111 839 3185 consilium,
861 3112 976 3172 ratione
999 3107 1146 3185 modoque

163 3195 165 3197 ’
213 3195 345 3257 Tractari
369 3216 429 3256 non
453 3196 524 3259 vult.
568 3197 601 3257 ln
625 3215 726 3257 amore
748 3197 820 3257 baec
842 3206 913 3258 sunt
934 3196 1018 3268 mala,
1041 3192 1161 3264 bellum,

214 3281 274 3341 Pax
296 3300 428 3356 rursum;
452 3283 524 3342 haec
545 3282 638 3360 siquis
660 3282 842 3361 tempestatis
864 3300 958 3361 prope
982 3281 1039 3341 ritu

213 3365 332 3426 Mobilia
354 3377 384 3426 et
405 3386 491 3427 caeca
513 3367 657 3427 lluitantia
679 3375 759 3428 sorte
781 3367 895 3427 laboret

140 3503 330 3512 *—

212 3564 243 3615 lll
261 3582 285 3619 v.
305 3569 354 3619 235
373 3566 449 3618 uellis
467 3565 513 3631 (cf.
525 3569 566 3621 Ps.
586 3571 658 3631 Aer.)
674 3568 679 3633 1
695 3570 744 3620 238
765 3568 841 3619 citata
860 3570 894 3630 (o)
914 3565 948 3626 cf.
961 3567 1057 3629 Porpl.
1074 3566 1077 3631 Ι
1094 3567 1142 3616 240
1158 3576 1199 3612 ex·

129 3631 244 3683 sorberet
262 3635 298 3698 (o)
316 3636 466 3687 obsorberet
485 3639 519 3700 (o)
538 3635 653 3687 sorberet
670 3638 767 3700 Porpb.
787 3636 844 3686 cod.
857 3632 950 3693 *Guelfi
978 3635 982 3700 Ι
1010 3636 1059 3685 246
1083 3633 1138 3683 sani
1162 3631 1200 3692 ut]

128 3725 163 3744 =
183 3701 220 3750 Pr.
239 3703 315 3754 Aere:
336 3704 390 3754 sani
410 3703 445 3767 (o)
462 3703 544 3753 insani
565 3706 599 3767 to)
615 3706 712 3768 Porpb.
730 3705 787 3754 cod.
800 3703 871 3754 Mon.
890 3695 968 3753 sanin'
992 3701 1038 3752 Tb.
1051 3700 1198 3761 Mercibus,

127 3768 213 3819 aenei.
239 3769 242 3836 Ι
267 3771 371 3821 notandi
390 3773 438 3835 (o);
456 3773 496 3822 Pa.
514 3772 592 3832 Acr.;
611 3773 776 3822 robotPerr.
795 3775 819 3834 5,
839 3773 887 3824 108
912 3774 916 3834 l
941 3773 989 3822 249
1009 3769 1119 3820 delectat
1136 3766 1173 3836 (o)

130 3838 180 3888 250
199 3837 234 3887 sic
253 3842 287 3902 (o)
308 3841 312 3901 Ι
333 3847 402 3890 esset
419 3836 456 3906 (o)
474 3841 570 3904 Porpb.
590 3840 646 3890 cod.
665 3839 736 3890 Mon.
761 3841 765 3905 Ι
790 3841 875 3890 uincet
894 3841 928 3902 (o)
953 3841 956 3903 Ι
981 3840 1031 3889 259
1049 3842 1121 3904 optat
1139 3838 1175 3899 (oi

131 3905 181 3956 262
194 3908 235 3967 na]
248 3921 295 3957 nec
307 3909 343 3971 (o)
355 3911 362 3971 ,Ι
378 3909 455 3969 nunc]
467 3923 518 3958 non
537 3910 571 3972 (v)
587 3912 590 3975 Ι
606 3912 682 3959 uocat
695 3909 730 3971 (o)
742 3907 828 3959 uenti.
844 3909 848 3971 Ι
865 3909 914 3959 263
933 3921 962 3956 ac
980 3907 1015 3970 (o)
1031 3904 1036 3972 Ι
1051 3906 1153 3957 labores
1164 3901 1200 3970 (v)
