2656 4448
555 230 727 283 canutuuh
745 233 776 284 lll
794 237 817 286 4.

275 399 441 480 Utcumque
461 420 573 462 mecum
589 422 640 463 vos
656 403 744 473 eritis,
761 404 857 466 libens

273 483 473 547 lnsanientem
490 487 584 546 navita
599 487 784 566 Bosphorum

320 571 483 651 Temptabo
499 582 528 631 et
542 573 655 633 urentis
670 574 795 634 harenas

372 656 481 716 Litoris
496 657 605 735 Assyrii
621 658 722 729 viator,

274 772 368 833 Visam
385 775 543 834 Britannos
558 775 723 853 hospitibus
738 777 817 836 leros

274 857 312 917 Et
325 859 434 919 laetum
451 860 560 937 equino
576 861 721 937 sanguine
738 861 918 937 Concanum,

316 943 411 1004 Visam
426 945 609 1022 pharetratos
625 945 754 1006 Gelonos
842 985 845 993 .

370 1028 408 1088 Et
422 1029 590 1107 Scythicum
607 1030 763 1090 inviolatus
779 1050 905 1093 amnem.

272 1144 328 1204 Vos
344 1146 494 1207 Caesarem
510 1147 609 1219 altum,
625 1148 724 1208 militia
739 1149 825 1209 simul

272 1228 374 1292 Fessas
390 1233 526 1292 cohortes
541 1232 651 1292 abdidit
666 1234 790 1312 oppidis,

216 1382 219 1388 ¹
316 1315 417 1376 Fiuire
433 1326 623 1395 quaerentem
638 1317 763 1391 labores,

368 1401 464 1461 Pierio
479 1402 619 1461 recreatis
635 1413 737 1477 antr03

270 1517 328 1578 Vos
343 1520 410 1578 lene
428 1518 582 1578 consilium
600 1527 629 1578 et
644 1519 717 1580 datis
733 1530 761 1579 et
773 1520 840 1580 dato

271 1602 419 1676 Gaudetis,
435 1602 536 1662 almae.
567 1603 691 1674 Scimus,
707 1613 740 1663 ut
756 1605 861 1682 impios

315 1688 434 1748 Titanas
450 1688 658 1765 inmanemque
674 1689 789 1747 turham

366 1773 501 1855 Fulmine
517 1773 667 1833 sustulerit
683 1774 804 1845 caduco,

269 1888 324 1958 Qui
341 1900 448 1950 terram
465 1891 601 1962 inertem,
618 1891 667 1968 qui
685 1909 765 1950 mare
781 1901 924 1971 temperat

267 1973 429 2036 Ventosum
446 1984 474 2035 et
490 1975 570 2035 urbis
586 1993 737 2053 regnaque
752 1976 844 2036 tristia

314 2061 459 2138 Divosque
473 2061 661 2138 mortalisque
677 2069 788 2121 turmas
806 2061 807 2064 ’

364 2144 491 2224 Imperio
507 2145 583 2222 regit
597 2164 675 2206 unns
690 2164 795 2224 aequo.
813 2181 852 2190 —

265 2261 403 2341 Magnum
420 2263 467 2323 illa
482 2275 627 2323 terrorem
644 2264 784 2323 intulerat
797 2263 857 2324 lovi

267 2345 373 2408 Fidens
389 2349 525 2408 iuventus
541 2349 659 2408 horrida
675 2348 819 2409 bracchiis

310 2433 486 2511 Fratresque
502 2432 658 2493 tendentes
674 2450 766 2512 opaco

361 2518 462 2577 Pelion
479 2517 652 2596 imposuisse
669 2518 806 2597 Olympo.

264 2634 320 2695 Sed
336 2635 406 2713 quid
422 2636 579 2714 Typhoeus
594 2644 623 2695 et
636 2636 748 2704 validus
761 2635 863 2695 Mimas

264 2721 322 2779 Aut
337 2721 405 2798 quid
422 2721 529 2780 minaci
545 2720 731 2800 Porphyrion
748 2730 835 2793 statu,

220 2818 222 2822 ‘
309 2805 385 2875 Quid
401 2806 533 2866 Rhoetus
549 2806 711 2882 evolsisque
726 2806 840 2865 truncis

360 2890 525 2950 Enceladus
540 2890 681 2948 iaculator
695 2890 786 2950 audax

264 3007 372 3068 Contra
388 3018 543 3068 sonantem
560 3006 684 3066 Palladis
700 3007 799 3084 aegida

262 3092 387 3153 Possent
402 3090 545 3152 ruentes?
560 3091 631 3150 hinc
648 3090 747 3151 avidus
762 3092 841 3151 stetit

309 3177 465 3249 Volcanus,
481 3177 551 3236 hinc
566 3185 701 3236 matrona
717 3176 792 3235 luno
808 3187 837 3235 et

358 3262 522 3338 Numquam
539 3261 648 3322 umeris
666 3261 816 3339 positurus
831 3279 940 3333 arcum,
1133 3273 1163 3323 60

172 3406 176 3413 ·
261 3380 317 3450 Qui
333 3397 401 3439 rore
417 3398 490 3457 puro
507 3380 645 3440 Castaliae
660 3379 728 3438 lavit

261 3464 356 3525 Crinis
371 3464 492 3537 solutos,
508 3466 558 3542 qui
575 3465 680 3542 Lyciae
695 3472 777 3522 tenet

303 3549 426 3610 Dumeta
444 3548 628 3625 natalemque
643 3547 754 3619 silvam,

358 3634 457 3694 Delius
474 3643 503 3693 et
518 3633 656 3692 Patareus
672 3632 787 3709 Apollo.
804 3664 843 3673 -

132 3736 337 3747 ———.--——-

216 3764 249 3815 lV
275 3782 299 3815 o.
328 3768 358 3819 31
379 3767 490 3829 mentite.
511 3768 547 3829 e)s
566 3766 600 3828 (o)
624 3765 628 3831 Ι
652 3766 684 3816 38
712 3765 795 3816 lessus
817 3767 852 3829 (o)
875 3765 1020 3814 Lambinus
1043 3766 1047 3828 Ι
1072 3762 1201 3815 addidito

128 3833 239 3955 {qqdipliit
248 3834 311 3952 iili!
328 3836 360 3886 43
379 3839 487 3886 turmam
506 3836 540 3899 (o)
556 3836 560 3899 Ι
576 3836 607 3884 ll
627 3833 713 3884 turbas
733 3829 739 3900 Ι
760 3835 790 3884 51
811 3847 917 3898 opacum
937 3832 995 3882 coll.
1014 3831 1088 3883 Hom.
1104 3831 1149 3884 θα.
1170 3830 1202 3881 lll
