2656 4448
458 227 630 280 CARMlNUlll
649 228 681 280 lV
701 233 724 282 9.
745 233 784 283 10.
805 233 844 284 11.

242 401 377 480 Impune,
400 399 484 471 Lolli,
508 417 629 478 carpere
652 399 751 461 lividas

242 485 421 546 Obliviones.
466 484 518 544 Est
540 484 655 545 animus
677 484 729 544 tibi

287 569 460 647 Rerumque
483 569 616 647 prudens
638 578 667 630 et
689 571 826 631 secundis

339 653 536 733 Temporibus
558 653 713 732 dubiisque
736 664 844 729 rectus,

242 772 353 832 Vindex
377 790 478 832 avarae
501 772 612 832 fraudis
635 782 663 832 et
686 772 839 834 abstinens

222 857 383 935 vDucentis
405 856 440 916 ad
463 875 495 917 se
517 865 624 917 cuncta
647 858 791 936 pecuniae

289 941 457 1019 Consulque
480 960 541 1001 non
564 942 653 1003 unius
676 943 762 1014 anni;

340 1026 396 1086 Sed
420 1026 558 1104 quotiens
580 1026 677 1087 bonus
701 1037 788 1104 atque
812 1026 886 1087 fidus

242 1143 332 1204 luder
354 1144 511 1204 honestum
535 1145 673 1224 praetulit
696 1144 768 1216 utili,

242 1228 354 1289 Reiecit
375 1229 432 1289 alto
457 1230 534 1290 dona
557 1229 727 1290 nocentium

288 1313 384 1385 Voltu‚
408 1332 463 1391 per
485 1314 630 1374 obstantis
655 1324 783 1374 catervas

262 1398 266 1405 '
338 1397 486 1476 Explicuit
509 1416 560 1458 sua
584 1398 677 1458 victor
698 1416 786 1458 arma.
811 1433 851 1441 —

242 1515 307 1575 Non
331 1515 531 1593 possidentem
554 1516 644 1577 multa
666 1517 814 1577 vocaveris

243 1598 333 1660 Recte
356 1600 491 1673 beatum3
513 1601 624 1661 rectius
647 1610 772 1679 occupat

289 1684 403 1744 Nomen
428 1685 512 1760 beati,
537 1685 588 1763 qui
612 1686 733 1746 deorum

340 1768 515 1831 Muneribus
537 1770 687 1849 sapienter
709 1771 752 1830 uti

243 1886 412 1964 Duramque
435 1887 520 1948 callet
541 1889 712 1968 pauperiem
735 1888 795 1967 pati

246 1971 391 2050 Peiusque
412 1973 471 2032 leto
495 1972 634 2052 flagitium
657 1973 749 2046 timet,

290 2057 356 2117 Non
380 2057 428 2117 ille
450 2076 505 2136 pro
529 2058 603 2118 caris
625 2058 726 2120 amicis

341 2142 399 2227 dut
422 2143 513 2221 patria
536 2143 655 2204 timidus
677 2143 785 2222 perire.

539 2419 541 2422 ,
641 2361 667 2420 X

251 2477 274 2537 0
299 2479 424 2539 crudelis
447 2481 542 2540 adhue
565 2490 593 2540 et
615 2479 739 2539 Veneris
760 2478 935 2539 muneribus
957 2486 1074 2556 potens,

247 2562 398 2643 insperata
422 2573 488 2625 tuae
512 2582 578 2626 cum
602 2564 699 2624 veniet
720 2564 820 2643 pluma
843 2563 999 2641 superbiae

246 2647 284 2707 Et
307 2665 382 2725 quae
405 2669 486 2711 nunc
510 2650 618 2711 umeris
641 2648 796 2709 involitant
818 2648 982 2708 deciderint
1005 2666 1115 2722 comae,

248 2732 334 2792 Nunc
358 2742 387 2793 et
410 2736 461 2812 qui
485 2736 567 2796 color
590 2743 633 2796 est
656 2734 799 2813 puniceae
822 2733 895 2792 llore
917 2731 1000 2811 prior
1022 2750 1116 2808 rosae,

164 2840 169 2849 ·
249 2816 385 2892 Mutatus,
410 2821 443 2879 Li
465 2821 560 2893 mine,
585 2820 614 2879 in
638 2819 741 2879 faciem
764 2817 885 2878 verterit
906 2816 1059 2900 hispidam,
1139 2830 1153 2877 5

249 2901 335 2962 Dices
353 2895 440 2965 ‘heul
482 2906 619 2983 quotiens
640 2912 669 2963 te
692 2903 812 2983 speculo
834 2901 940 2962 videris
963 2901 1096 2977 alterum,

246 2978 341 3056 ‘Quae
365 3009 449 3051 mens
472 2999 515 3050 est
536 2989 633 3061 hodie,
658 3006 711 3048 cur
734 2988 834 3048 eadem
858 3006 917 3047 non
942 3004 1035 3064 puero
1058 2986 1113 3047 luit

250 3070 302 3129 Vel
324 3089 377 3134 cur
399 3075 444 3136 his
466 3075 571 3135 animis
593 3074 756 3134 incolumes
780 3091 839 3132 non
864 3072 989 3132 redeunt
1010 3065 1141 3150 genael³

250 3409 303 3470 Est
325 3410 394 3471 mihi
420 3429 531 3471 nonum
555 3411 722 3490 superantis
744 3427 855 3470 annum

250 3493 360 3556 Plenus
383 3496 487 3556 Albani
511 3496 609 3568 cadus,
633 3496 728 3556 estin
753 3496 848 3565 horto,

251 3579 352 3657 Phylli,
377 3580 530 3642 nectendis
552 3580 649 3659 apium
672 3580 799 3653 coronis,

327 3665 379 3726 Est
401 3666 526 3725 hederae
548 3665 590 3725 vis

209 3831 241 3881 lx
261 3848 284 3883 o.
304 3833 336 3883 52
356 3832 449 3898 peribit

204 3897 230 3973 'X
249 3916 272 3950 o.
294 3903 308 3951 5
327 3899 456 3966 Ligurine]
474 3901 510 3963 (o)
531 3900 693 3962 Torrentius,
711 3898 810 3949 Bentl:
828 3896 974 3964 Ligurinum
990 3895 994 3962 Ι
1014 3897 1029 3947 6
1048 3894 1074 3946 in
1092 3892 1196 3961 speculo
