2656 4448
521 182 750 235 EPISTULARUM
767 183 777 235 l
797 185 821 236 l.

216 356 326 430 Restat,
342 366 375 416 ut
390 357 434 417 his
450 375 505 434 ego
521 375 568 416 me
584 356 646 435 ipse
661 373 760 434 regam
776 356 913 434 solerque
929 355 1093 416 elementis.
1110 393 1153 402 -

216 441 281 502 Non
307 442 402 521 possis
425 442 511 502 oculo
535 450 677 518 quantum
700 441 880 500 contendere
903 439 1049 520 lynceus

216 526 282 587 Non
305 537 404 588 tamen
429 526 538 586 idcirco
562 526 735 586 contemnas
757 525 855 604 lippus
878 525 998 604 inungi;

216 611 285 683 Nec,
309 612 377 691 quia
400 612 539 690 desperes
562 610 661 670 invicti
684 609 817 671 membra
839 610 987 690 Glyconis,

215 697 331 758 Nodosa
354 715 463 776 corpus
487 696 562 756 nolis
585 694 744 773 prohibere
766 697 922 772 cheragra:

216 781 269 843 Est
291 781 416 860 quadam
439 781 558 859 prodire
581 790 677 853 tenus,
701 780 725 841 si
749 800 809 841 non
833 781 919 841 datur
941 780 1026 841 ultra.

216 866 322 927 Fervet
344 866 462 927 avaritia
485 866 652 943 miseroque
674 865 813 944 cupidine
836 873 955 943 pectus:

217 952 295 1012 Sunt
316 954 405 1012 verba
429 962 458 1012 et
479 969 574 1023 voces
598 950 706 1028 quibus
728 951 808 1011 hunc
831 950 925 1011 lenire
948 950 1080 1012 dolorem

216 1036 314 1098 Possis
337 1047 365 1098 et
388 1054 523 1116 magnam
547 1035 642 1095 morbi
666 1036 816 1114 deponere
839 1043 970 1114 partem;

216 1121 323 1182 Laudis
346 1140 445 1182 amore
467 1130 577 1181 tumes:
601 1129 671 1181 sunt
692 1130 772 1181 certa
794 1121 919 1200 piacula,
943 1138 1017 1199 quae
1039 1130 1069 1182 te

216 1205 276 1265 Ter
297 1225 372 1285 pure
395 1207 471 1267 lecto
494 1215 635 1285 poterunt
658 1224 792 1266 recreare
814 1204 924 1266 libello.

215 1290 345 1364 Invidus,
361 1291 537 1364 iracundus,
561 1291 650 1361 iners,
674 1291 804 1363 vinosus,
827 1299 948 1363 amator,

215 1375 308 1436 Nemo
331 1375 404 1438 adeo
426 1378 506 1437 ferus
529 1386 581 1448 ost,
604 1385 636 1435 ut
659 1394 720 1436 nou
744 1376 898 1436 mitescere
920 1375 1022 1453 possit,

217 1461 248 1520 Si
270 1461 358 1522 modo
382 1462 515 1523 culturae
537 1461 696 1540 patientem
720 1462 888 1521 commodet
909 1478 1021 1520 aurem.

215 1545 314 1608 Virtus
337 1555 381 1609 est
402 1547 504 1608 vitium
527 1547 629 1624 fugere
652 1555 681 1605 et
703 1546 846 1624 sapientia
869 1546 961 1625 prima

216 1631 344 1693 Stultitia
367 1633 505 1694 caruisse.
550 1631 646 1704 Vides,
670 1650 744 1709 quae
766 1631 890 1691 maxima
914 1631 1009 1691 credis

216 1716 289 1778 Esse
311 1719 395 1792 mala,
419 1717 557 1795 exiguum
580 1735 702 1777 censum
725 1726 902 1795 turpemque
924 1715 1085 1793 repulsam,

215 1801 334 1872 Quanto
358 1803 466 1863 devites
488 1803 577 1862 animi
601 1801 763 1880 capitisque
786 1801 900 1875 labore;

214 1886 343 1966 Impiger
366 1897 512 1948 extremos
535 1888 630 1947 curris
652 1896 799 1946 mercator
821 1885 855 1944 ad
879 1884 977 1957 ludos,

215 1972 273 2032 Per
295 1991 375 2032 mare
398 1973 568 2051 pauperiem
592 1971 719 2050 fugiens,
742 1988 795 2049 per
817 1988 893 2042 saxa,
917 1988 971 2048 per
993 1969 1085 2048 ignis:

215 2056 257 2116 lVe
281 2075 367 2117 cures
390 2075 432 2128 ea,
456 2075 531 2134 quae
553 2055 642 2117 stulte
665 2056 780 2116 miraris
803 2064 832 2115 et
855 2063 949 2133 optas,

217 2141 336 2201 Discere
360 2151 388 2201 et
410 2140 509 2201 audire
532 2148 562 2200 et
583 2140 697 2200 meliori
720 2140 841 2200 credere
865 2159 925 2200 non
949 2136 1013 2200 vis‘l

217 2225 290 2296 Quis
313 2226 425 2287 circum
448 2244 538 2304 pagos
561 2236 590 2286 et
611 2226 724 2285 circum
746 2225 873 2303 compita
896 2243 1014 2303 pugnax

220 2311 326 2390 Magna
349 2311 486 2371 coronari
510 2320 681 2371 contemnat
704 2311 848 2390 Olympia,
872 2311 920 2370 cui
942 2328 1020 2388 spes,

222 2395 275 2456 Cui
299 2397 336 2457 sit
359 2396 494 2457 condicio
518 2396 612 2457 dulcis
634 2397 698 2457 sine
723 2396 843 2474 pulvere
865 2392 1000 2473 palmae‘l

219 2480 312 2543 Vilius
336 2491 490 2561 argeutum
515 2491 558 2543 est
580 2500 662 2553 auro,
687 2480 843 2542 virtutibus
865 2498 985 2540 aurum:

153 2582 155 2586 ·
215 2559 255 2627 ‘0
279 2567 366 2640 cives,
390 2567 475 2639 cives,
500 2568 667 2645 quaerenda
691 2567 816 2646 pecunia
840 2566 968 2644 primum
991 2573 1051 2646 est;

216 2651 315 2712 Virtus
336 2662 404 2731 post
426 2643 584 2725 nummos',
607 2653 679 2712 haec
702 2652 791 2712 lanus
813 2669 944 2711 summus
966 2650 1001 2710 ab
1025 2650 1084 2708 imo

218 2736 374 2809 Prodocet‚
398 2739 469 2798 haec
493 2739 631 2798 recinunt
652 2738 773 2798 iuvenes
795 2736 900 2796 dictata
924 2753 1070 2812 senesque

217 2821 311 2881 Laevo
334 2824 471 2902 suspensi
494 2822 607 2883 loculos
629 2823 816 2899 tabulamque
839 2821 958 2881 lacerto.

217 2905 269 2966 Est
292 2908 407 2968 animus
430 2907 492 2981 tibi,
516 2916 586 2968 suut
608 2926 715 2978 mores,
739 2916 783 2967 est
804 2905 906 2984 lingua
929 2905 1069 2982 fidesque,

219 2991 276 3051 Sed
300 2993 523 3072 quadringentis
545 3011 596 3054 sex
619 3002 731 3071 septem
755 2991 832 3051 milia
856 2992 978 3050 desunt:

219 3076 305 3138 Plebs
328 3079 404 3153 eris;
427 3088 456 3139 at
479 3078 563 3157 pueri
586 3077 721 3138 ludentes
739 3069 805 3136 ‘rex
829 3066 903 3147 eris,’
930 3074 1013 3134 aiunt

218 3153 263 3221 ‘Si
287 3172 366 3223 reete
388 3162 503 3224 lacies’:
527 3163 574 3223 liic
597 3181 700 3224 murus
722 3179 831 3222 aeneus
854 3169 917 3221 esto

217 3246 263 3306 lVil
287 3248 421 3309 conscire
443 3248 508 3321 sibi,
533 3248 614 3308 nulla
636 3248 795 3327 pallescere
819 3246 914 3324 culpa.

217 3330 332 3404 Roscia,
355 3333 402 3392 dic
424 3333 519 3404 sodes,
542 3333 645 3393 melior
667 3333 713 3393 lex
736 3351 772 3391 an
796 3348 956 3408 puerorum
980 3338 1024 3388 est

218 3415 320 3488 Nauia,
344 3436 418 3495 quae
440 3435 566 3495 reguum
590 3427 670 3477 recte
694 3416 869 3477 iacientibus
892 3416 988 3484 oilert,

218 3499 256 3560 Et
278 3502 407 3563 maribus
431 3502 525 3564 Curiis
547 3512 577 3561 et
599 3502 750 3562 decantata
773 3498 922 3562 Camillis?

218 3737 269 3791 lv.
290 3739 321 3790 28
341 3738 429 3788 oculos
447 3740 481 3802 (o)
509 3740 512 3795 Ι
541 3739 573 3789 30
592 3736 694 3787 Milonis
718 3752 742 3787 o.
765 3735 781 3787 Ι.
801 3751 843 3800 op.
862 3737 903 3786 Pe.
921 3735 986 3784 Aer.
1013 3733 1017 3800 Ι
1046 3734 1077 3784 42
1095 3731 1154 3783 vide
1174 3732 1210 3782 H·

131 3807 257 3858 Pmnem.
275 3821 302 3858 n.
320 3823 340 3856 s.
355 3809 395 3870 14,
408 3808 457 3859 306
479 3806 482 3872 Ι
504 3803 556 3872 [56]
569 3804 673 3856 HMAK
690 3805 694 3869 Ι
714 3807 745 3856 57
765 3807 853 3854 versui
871 3804 903 3854 58
922 3806 993 3852 reete
1008 3803 1154 3868 praeponit
1165 3803 1211 3866 (o),

129 3877 299 3939 postponite
316 3874 321 3941 Ι
337 3878 376 3926 est
395 3874 490 3939 lingua]
509 3875 557 3938 (elz
577 3877 603 3925 et
620 3873 706 3940 lingua
723 3875 775 3938 158
794 3873 816 3923 si
835 3873 869 3934 (o)
885 3873 889 3937 Ι
906 3870 989 3922 desint
1007 3871 1042 3935 (o)
