2656 4448
480 239 654 293 chaumont
670 241 693 293 ll
711 245 750 294 19.
770 243 811 296 ²0.

234 413 278 473 Tu
294 413 387 473 flectis
402 412 506 485 amnis,
523 423 554 473 tu
570 431 651 473 mare
667 412 833 487 barbarum,

234 498 277 558 Tu
295 497 436 576 separatis
452 497 555 558 uvidus
570 497 599 558 in
617 498 693 575 iugis

281 583 364 643 Noilo
379 600 498 643 coerces
514 581 647 660 viperino

331 666 515 727 Bistonidum
530 667 594 727 sine
609 668 711 727 lraude
727 666 833 741 crinis;

237 785 291 858 Tu,
307 804 375 846 cnm
390 786 521 865 parentis
536 804 627 864 regna
643 785 836 863 perarduum

238 868 351 931 Cohors
366 870 524 949 Gigantum
540 871 696 933 scanderet
712 869 810 948 impia,

283 954 428 1015 Rhoetum
446 956 590 1017 retorsisti
605 955 700 1016 leonis

333 1040 486 1118 Unguibus
502 1040 694 1118 horribilique
709 1038 793 1112 mala,

237 1156 421 1235 Quamquam
437 1159 553 1220 choreis
568 1159 665 1237 aptior
680 1167 710 1218 et
724 1157 797 1218 iocis

234 1241 379 1320 Ludoque
394 1243 489 1303 dictus
506 1263 566 1304 non
583 1252 627 1304 sat
641 1243 765 1303 idoneus

281 1326 402 1404 Pugnae
418 1328 568 1397 ferebaris,
585 1329 634 1388 sed
651 1327 728 1387 idem

334 1411 415 1472 Pacis
430 1430 495 1472 eras
510 1411 681 1489 mediusque
697 1410 763 1471 belli
772 1427 780 1483 ;

237 1527 278 1587 Te
294 1527 365 1588 vidit
379 1529 482 1589 insons
498 1527 644 1589 Cerberus
660 1546 750 1588 aureo

237 1611 337 1672 Cornu
354 1613 503 1684 decorum,
520 1614 628 1674 leniter
642 1622 771 1673 atterens

284 1696 419 1771 Caudam,
437 1707 466 1758 et
481 1698 647 1759 recedentis
663 1696 795 1776 trilingui

335 1781 394 1843 Orc
410 1784 498 1862 pedes
514 1784 668 1861 tetigitque
683 1800 778 1842 crura,

622 2035 674 2094 XX

237 2135 303 2196 Non
318 2136 430 2198 visitata
447 2156 502 2197 nec
517 2137 600 2197 tenui
616 2138 695 2196 ferar

238 2220 332 2281 Pinna
348 2220 481 2282 biformis
496 2240 550 2299 per
564 2221 706 2299 liquidum
716 2223 841 2283 ‘aethera

285 2306 371 2366 Vates
387 2325 484 2384 neque
500 2307 528 2366 in
547 2306 634 2367 terris
651 2306 789 2366 morabor

335 2390 467 2469 Longius
483 2390 649 2469 invidiaque
665 2391 760 2451 maior

238 2504 326 2566 Urbis
340 2506 516 2584 relinquam.
546 2507 612 2567 Non
629 2526 694 2586 ego,
711 2525 875 2587 pauperum

239 2590 364 2669 Sanguis
379 2601 547 2670 parentum,
564 2612 625 2653 non
643 2611 707 2672 ego,
724 2610 812 2671 quem
828 2610 925 2664 vocas,

285 2675 395 2736 Dileote
410 2676 572 2750 Maecenas,
589 2676 677 2737 obibo

337 2761 398 2820 Nec
414 2761 512 2840 Stygia
528 2761 690 2822 cohibebor
705 2761 793 2822 unda.
810 2793 853 2802 -

238 2878 297 2937 lam
314 2877 371 2938 iam
386 2878 521 2938 residunt
535 2877 673 2938 cruribus
689 2896 809 2956 asperae

240 2962 334 3023 Pelles
350 2971 380 3022 et
394 2961 491 3023 album
509 2971 608 3023 mutor
624 2963 653 3022 in
671 2962 768 3022 alitem

285 3047 422 3125 Superne
438 3055 660 3125 nascunturque
676 3047 752 3106 leves

335 3132 392 3191 Per
408 3131 513 3210 digitos
530 3150 707 3210 umerosque
722 3131 849 3209 plumae,

199 3296 254 3348 tux
273 3314 296 3348 v.
316 3300 349 3350 24
366 3298 555 3364 horribilisque]
575 3301 607 3350 oi.
620 3298 707 3350 Bentl.
727 3300 772 3359 (erc
789 3299 895 3349 Acrone
913 3297 944 3347 de
961 3301 1097 3363 scripturo
1116 3299 1185 3350 nihil

110 3365 322 3416 concludendum
352 3383 414 3430 ecee,
440 3371 511 3417 recte
537 3367 662 3418 admonet
691 3365 742 3429 uls,
773 3368 820 3430 qui
845 3381 985 3432 perperam
1003 3368 1086 3417 Janio
1102 3382 1183 3433 proe-

108 3434 367 3484 sauromatarum
388 3435 529 3485 hierozoic.
548 3433 578 3486 lll
600 3436 615 3485 2
640 3436 720 3484 huius
738 3435 806 3485 coni.
824 3437 960 3485 auctorem
982 3436 1121 3496 nominut5
1144 3436 1184 3485 ibi

109 3503 181 3551 enim
200 3503 282 3552 tacito
299 3506 325 3551 et
341 3505 371 3551 in
388 3502 427 3552 ed.
444 3505 532 3568 princ.
551 3519 575 3553 u.
597 3504 660 3554 1663
679 3505 706 3551 et
722 3505 752 3551 in
776 3501 817 3553 ed.
838 3501 968 3552 Clodiana
996 3506 1021 3551 et
1038 3505 1067 3552 in
1087 3501 1183 3552 Horon-

108 3569 284 3619 mualleriana
302 3568 428 3629 adfertur
445 3570 612 3636 horribilique
631 3569 707 3633 mala)
722 3569 726 3634 Ι
742 3570 862 3632 [25-28]
881 3569 911 3618 b*

198 3636 242 3687 llll
264 3653 285 3687 o.
306 3640 319 3690 1
338 3637 452 3700 visitata]
469 3637 603 3702 Bergke‘us
621 3638 706 3699 (1864)
733 3652 821 3702 opusc.
836 3638 904 3702 phil.
921 3636 940 3686 ll
959 3639 1021 3696 tt1;
1039 3637 1110 3700 Aug.
1128 3652 1182 3687 rer.

110 3721 126 3754 a
144 3721 172 3754 ee
187 3708 326 3770 gestamen
342 3704 397 3755 incl
412 3720 440 3771 p.
462 3708 523 3759 110:
543 3706 638 3756 usitata
654 3708 658 3768 Ι
674 3706 689 3756 3
709 3708 774 3756 terra
790 3705 794 3770 Ι
810 3705 825 3755 6
843 3719 918 3770 quem
937 3712 1031 3756 vocant
1044 3703 1129 3754 Horati.
1142 3705 1184 3755 cui

109 3786 188 3823 vacas
208 3773 238 3822 H.
252 3770 297 3823 Ta.
311 3773 445 3837 Homung
463 3788 554 3824 comm.
578 3773 611 3822 do
629 3775 756 3837 partibus
780 3787 844 3823 com.
865 3772 909 3823 Gr.
928 3772 1015 3823 Berol.
1037 3773 1099 3823 1861
1121 3772 1183 3821 thee.

109 3839 291 3958 {biforem
309 3855 397 3904 opusc.
418 3841 433 3890 ἱ.
453 3841 470 3894 l.
497 3841 502 3908 Ι
529 3841 632 3903 [tt-tt]
651 3840 720 3902 ΙιΜ,
745 3844 792 3906 qui
810 3839 844 3900 of.
861 3856 888 3906 p.
907 3838 940 3890 IX
958 3841 998 3890 ed.
1017 3856 1042 3890 a.
1064 3840 1137 3900 1869,
1154 3854 1182 3904 p.

179 3908 247 3959 lod.
265 3923 290 3958 a.
310 3909 375 3961 1879
