2656 4448
510 210 680 263 caumatum
699 212 729 263 lll
750 217 788 266 11.
810 216 850 266 12.

272 380 335 440 Una
359 383 394 441 de
417 381 517 442 multis
539 383 601 441 lace
625 384 749 462 nuptiali

270 466 364 544 Digna
386 468 537 546 periurum
562 467 617 526 fuit
639 469 668 527 in
693 476 845 546 parentem

196 560 225 609 ³5
270 551 430 630 Splendida
453 553 579 611 mendax
601 562 631 612 et
653 554 683 613 in
707 572 795 614 omne
818 553 899 632 virgo

344 637 456 697 Nobilis
477 653 590 708 aevum,

265 746 398 830 ‘Surget’
423 773 497 832 quae
520 754 591 815 dixit
613 755 712 814 iuveni
736 755 849 828 marito,

265 830 384 917 ‘Surge
408 859 446 899 no
468 840 574 918 longus
596 840 648 899 tibi
672 858 804 913 somnus,
827 840 907 900 unde

268 923 333 982 Non
357 924 451 998 times
474 924 574 984 deturl
598 942 734 984 socerum
757 934 786 984 et
808 925 946 986 scelestas

194 1017 224 1066 40
351 1008 430 1068 Falle
452 1027 578 1082 sorores,

267 1125 357 1198 Quae,
380 1127 459 1187 velut
482 1136 584 1186 nactae
606 1126 712 1186 vitulos
734 1126 862 1197 leaenae,

268 1210 408 1288 Singulos
431 1211 505 1271 eheu
529 1211 673 1270 laceranti
697 1228 751 1287 ego
774 1211 830 1270 illis

266 1293 382 1355 Mollior
406 1314 460 1356 nec
483 1304 512 1356 te
534 1295 637 1355 leriam
661 1314 758 1372 neque
780 1295 857 1355 intra

343 1381 474 1441 Claustra
497 1379 619 1440 tenebo:

193 1509 223 1558 45
266 1499 312 1559 Me
335 1508 417 1578 pater
440 1499 531 1560 saevis
553 1507 659 1557 oneret
681 1496 802 1569 catenis,

266 1584 350 1654 Quod
374 1585 435 1644 viro
459 1585 589 1644 clemens
612 1582 719 1643 misero
743 1581 872 1659 peperci,

266 1669 312 1728 Me
335 1669 378 1728 vel
402 1678 548 1729 extremos
571 1667 761 1728 Numidarum
784 1667 815 1725 in
839 1684 924 1744 agros

341 1752 438 1814 Classe
461 1754 580 1830 releget.

263 1871 285 1943 Ι,
307 1871 397 1950 pedes
421 1889 478 1949 quo
501 1881 530 1930 te
552 1869 672 1947 rapiunt
695 1877 724 1928 et
747 1886 845 1941 aurae,

192 1968 221 2016 50
265 1958 339 2017 llum
364 1956 440 2014 lavet
462 1974 520 2014 uox
543 1964 572 2014 et
595 1954 703 2025 Venus
726 1953 735 2013 i
757 1952 888 2014 secundo

266 2039 372 2099 Omine
395 2048 425 2099 et
447 2040 540 2100 nostri
563 2055 724 2098 memorem
747 2039 885 2117 sepulcro

340 2124 444 2202 Scalpe
467 2115 643 2203 querellam.³

598 2244 750 2252 *-

640 2342 694 2402 ΧΙΙ

264 2443 436 2505 Miserarum
460 2455 503 2505 est
527 2463 625 2522 neque
646 2444 739 2503 amori
761 2444 830 2503 dare
852 2442 952 2502 ludum
978 2461 1074 2521 neque
1096 2445 1177 2506 dulci

263 2527 335 2587 Mala
357 2530 426 2588 vino
449 2530 543 2590 lavere
566 2539 617 2590 aut
639 2528 799 2588 exanimari
823 2528 981 2588 metuentis

337 2614 462 2674 Patruae
483 2614 605 2674 verbera
628 2613 754 2692 linguae.

262 2731 328 2792 Tibi
351 2733 470 2812 qualum
494 2731 653 2812 Cythereae
677 2749 751 2809 puer
772 2730 840 2802 ales,
863 2731 916 2791 tibi
940 2731 1011 2791 telas

205 2829 219 2876 5
264 2816 472 2895 Operosaeque
495 2817 642 2877 Minervae
666 2816 794 2877 studium
818 2817 923 2888 aufert,
946 2815 1088 2889 Neobule,

337 2902 472 2980 Liparaei
496 2903 573 2963 nitor
595 2901 696 2974 Hebri,

262 3020 354 3080 Simul
377 3029 484 3081 unctos
506 3021 654 3081 Tiberinis
678 3039 796 3080 umeros
817 3020 886 3079 levit
907 3020 938 3079 in
962 3019 1057 3092 undis,

261 3103 359 3181 Eques
382 3105 447 3183 ipso
470 3105 574 3164 melior
596 3105 834 3184 bellerophonte,
858 3124 955 3183 neque
978 3123 1083 3183 pugno

336 3189 439 3267 Neque
455 3189 538 3266 segni
561 3192 635 3268 pede
656 3190 759 3261 victus,

192 3314 218 3363 10
261 3302 348 3366 Catus
369 3308 446 3371 idem
469 3326 523 3386 per
545 3317 679 3385 apertum
703 3307 842 3385 fugientis
864 3307 970 3385 agitato

259 3389 354 3469 Crege
376 3411 478 3452 cervos
500 3392 620 3452 iaculari
643 3402 672 3452 et
694 3392 772 3452 celer
794 3402 858 3452 arto
879 3393 1043 3452 latitantem
1070 3461 1074 3469 Ι

335 3476 484 3538 Fruticeto
507 3478 643 3555 excipere
665 3495 779 3555 aprum.

133 3574 333 3584 ————-—

218 3605 248 3656 lll
268 3623 290 3658 υ.
310 3611 341 3661 51
361 3611 451 3672 nostri]
469 3611 536 3661 vatis
555 3610 641 3661 Horati
660 3613 693 3670 tc.
706 3608 737 3659 lV
753 3612 776 3673 6,
795 3613 839 3671 41)
856 3625 936 3660 anon.
956 3610 1019 3661 Bab.
1039 3612 1071 3660 de
1088 3628 1159 3665 nom.
1177 3618 1206 3663 et

126 3690 265 3740 praeatum.
285 3675 307 3724 V
322 3693 350 3742 p.
370 3679 427 3739 555,
448 3681 521 3744 lsssq.
536 3678 561 3728 K
581 3681 585 3743 Ι
609 3681 641 3730 52
655 3677 743 3742 sculpe
755 3678 791 3741 (v)
802 3681 845 3742 (=
857 3676 959 3737 famina
975 3677 1093 3731 Traiano
1106 3697 1205 3747 aequa·

127 3743 163 3861 ffie
177 3746 221 3863 22¹8
238 3758 317 3877 izeei)
336 3745 505 3811 Aegyptiace
526 3746 582 3797 CIL
599 3746 628 3796 lll
652 3763 677 3796 n.
697 3748 728 3799 21
753 3743 788 3804 es.
811 3747 883 3798 anal.
902 3747 939 3797 ad
955 3763 1037 3798 eamn.
1057 3748 1121 3800 Hor.
1142 3752 1203 3802 luet.

215 3850 256 3929 llll
275 3895 299 3930 v.
319 3883 347 3933 11
369 3884 395 3931 et
413 3896 462 3931 om.
479 3879 483 3947 l
499 3881 551 3932 alto
