2656 4448
540 239 728 292 sarmarum
747 240 756 291 l
774 244 799 295 3.

214 415 252 473 At
274 433 329 474 nos
351 413 473 472 virtutes
495 413 573 491 ipsas
596 412 769 473 invertimus
791 422 878 491 atque
1172 426 1201 477 55

215 498 370 559 Sincerum
395 497 530 576 cupimus
552 516 601 558 vas
624 497 799 558 incrustare.
843 497 958 558 Probus
981 498 1045 576 quis

212 582 374 643 Nobiscum
396 582 472 654 vivit,
497 583 620 642 multum
644 582 788 642 demissus
810 582 914 643 homo:
939 583 979 643 illi

212 667 310 728 'lardo
334 685 510 746 cognomen,
533 667 637 745 pingui
660 667 779 739 damus;
801 667 849 728 bic
872 669 945 746 lugit
967 669 1063 730 omnis

210 752 334 813 Insidias
359 752 490 829 nullique
514 752 589 812 malo
612 751 688 812 latus
711 750 794 811 obdit
815 762 963 831 apertum:

212 837 285 899 Cum
308 856 404 916 genus
425 836 482 896 hoc
505 837 583 897 inter
605 838 679 897 vitae
700 855 861 910 versemur,
883 838 935 897 ubi
957 838 1033 898 acris
1171 851 1200 901 tu

210 922 322 982 Invidia
345 930 432 999 atque
453 922 554 999 vigent
576 920 627 981 ubi
651 922 784 994 crimina,
807 941 861 1001 pro
884 922 961 983 bene
984 941 1056 984 sano

211 1009 253 1067 Ac
277 1026 337 1067 non
362 1007 481 1066 incauto
503 1008 604 1067 fictum
627 1016 815 1085 astutumque
836 1025 990 1079 vocamus3

212 1092 383 1170 Simplicior
405 1092 470 1168 quis
493 1100 522 1151 et
544 1099 598 1164 est,
623 1092 739 1169 qualem
762 1110 809 1152 me
832 1111 920 1171 saepe
942 1092 1069 1153 libenter

213 1176 377 1238 Obtulerim
400 1175 462 1248 tibi,
486 1177 649 1248 Maecenas,
672 1186 705 1236 ut
727 1178 802 1237 lorte
825 1177 971 1256 legentem

211 1264 271 1322 Aut
292 1261 413 1322 tacitum
436 1260 566 1340 impellat
588 1262 691 1338 quovis
713 1280 866 1322 sermone:
885 1257 1049 1336 ‘molestus
1172 1275 1200 1324 65

213 1346 370 1407 Communi
392 1365 480 1407 sensu
503 1346 589 1424 plane
613 1341 707 1406 caret'
732 1347 891 1424 inquimus.
937 1347 1030 1422 Eheu,

212 1430 307 1502 Quam
331 1439 442 1491 temere
464 1431 494 1489 in
518 1440 636 1490 nosmet
657 1432 751 1508 legem
772 1433 920 1493 sancimus
943 1433 1088 1510 iniquaml

211 1517 285 1577 Nam
307 1516 383 1576 vitiis
405 1534 492 1575 nemo
515 1515 579 1575 sine
603 1516 743 1588 nascitur,
766 1517 895 1595 optimus
917 1517 964 1576 ille
987 1527 1041 1590 est,

212 1601 270 1672 Qui
291 1601 422 1666 minimis
445 1609 577 1678 urgetur.
622 1600 741 1660 Amicus
764 1601 866 1673 dulcis,
889 1612 922 1661 ut
944 1620 1070 1679 aequum
1093 1613 1145 1675 est,

212 1685 285 1747 Cum
308 1705 371 1746 mea
395 1695 566 1764 compenset
588 1685 664 1745 vitiis
686 1685 775 1759 bona,
797 1685 933 1764 pluribus
955 1687 1046 1760 hisce,
1170 1698 1199 1747 το

213 1772 243 1832 Si
265 1772 354 1831 modo
375 1771 461 1848 plura
484 1769 554 1829 mihi
578 1770 656 1829 bona
679 1779 757 1843 sunt,
781 1771 912 1844 inclinet,
935 1772 1026 1830 amari

213 1855 243 1916 Si
265 1857 356 1928 volet;
380 1856 435 1915 hac
457 1856 521 1933 lege
544 1855 573 1914 in
597 1856 707 1915 trutina
729 1865 858 1934 ponetur
880 1855 990 1916 eadem.

213 1940 280 2012 Qui,
304 1959 342 2001 ne
364 1939 518 2000 tuberibus
541 1941 670 2019 propriis
693 1940 822 2001 offendat
844 1942 981 2013 amicum,

212 2024 352 2096 Postulat,
375 2025 509 2103 ignoscet
531 2027 661 2086 verrucis
683 2026 776 2100 illius;
800 2045 927 2104 aequum
950 2036 994 2087 est

212 2108 342 2172 Peccatis
364 2110 478 2170 veniam
503 2120 673 2189 poscentem
696 2111 817 2171 reddere
840 2130 951 2176 rursus.
1171 2122 1198 2170 to

213 2194 356 2274 Denique,
380 2205 525 2272 quatenus
548 2196 641 2256 excidi
664 2196 782 2274 penitus
804 2197 905 2257 vitium
928 2198 999 2268 irae,

213 2280 315 2340 Cetera
338 2281 407 2340 item
432 2290 585 2357 nequeunt
607 2282 703 2341 stultis
725 2282 885 2355 haerentia,
909 2301 962 2342 cur
985 2299 1045 2341 non

212 2364 398 2425 Ponderibus
420 2365 605 2442 modulisque
628 2367 688 2424 suis
710 2368 783 2425 ratio
807 2367 900 2426 utitur
921 2385 954 2424 ac
977 2384 1025 2426 res

212 2449 250 2510 Ut
272 2468 406 2527 quaeque
429 2457 482 2520 est,
505 2450 544 2508 ita
567 2449 718 2527 suppliciis
741 2449 845 2510 delicta
869 2448 1005 2510 coercet?

212 2535 311 2612 Siquis
334 2551 400 2592 eum
423 2551 549 2606 servum,
572 2534 701 2611 patinam
725 2534 775 2610 qui
799 2535 901 2594 tollere
924 2534 1020 2594 iussus
1170 2545 1199 2595 8⁰

213 2618 350 2679 Semesos
373 2617 461 2694 piscis
483 2616 674 2695 tepidumque
696 2618 856 2694 ligurrierit
878 2619 933 2690 ius,

193 2704 246 2762 .ln
270 2720 359 2761 cruce
381 2703 507 2779 suffigat,
530 2702 669 2761 Labeone
691 2703 823 2763 insanior
845 2703 923 2763 inter

213 2788 308 2848 Sanos
331 2787 453 2846 dicatur.
498 2786 615 2857 Quanto
638 2788 695 2848 boc
717 2788 855 2848 furiosius
876 2797 964 2864 atque

212 2873 305 2933 blaius
327 2879 482 2950 peccatum
504 2881 562 2932 est:
586 2871 715 2949 paullum
739 2872 863 2950 deliquit
882 2872 1005 2942 amicus

213 2957 299 3028 Quod
322 2957 379 3017 nisi
402 2958 556 3029 concedas,
579 2956 705 3017 habeare
728 2958 869 3018 insuavis:
892 2954 1017 3016 acerbus
1167 2966 1198 3016 85

214 3042 307 3103 Odisti
330 3050 359 3102 et
382 3043 458 3120 lugis
481 3050 514 3101 ut
535 3041 686 3101 Rusonem
709 3042 826 3102 debitor
848 3043 932 3114 aeris,

213 3127 270 3198 Qui
294 3127 359 3200 nisi,
383 3146 451 3186 cum
473 3127 570 3187 tristes
592 3126 701 3187 misero
722 3146 830 3188 venere
852 3126 1010 3198 Kalendae,

213 3213 377 3272 Mercedem
401 3222 452 3272 aut
474 3231 611 3272 nummos
633 3211 713 3273 unde
736 3213 814 3274 unde
837 3213 967 3284 extricat,
990 3228 1103 3271 amaras

128 3382 329 3392 ———————-

213 3446 284 3500 111v.
304 3450 379 3511 bleq.
406 3452 478 3496 recte
505 3446 631 3497 dieuneit
656 3448 685 3498 V
698 3447 733 3508 cf.
753 3449 839 3499 Herm
860 3450 899 3511 l'l,
919 3448 1023 3510 lllsq.:
1051 3446 1138 3496 bomo.
1156 3444 1197 3495 llli

130 3514 213 3566 Turdo
232 3529 374 3581 cognomen
393 3515 480 3580 pingui
499 3520 525 3563 et
542 3515 618 3566 homo
637 3515 689 3566 ille.
702 3518 732 3580 (s.
745 3520 763 3578 ,l
775 3514 858 3566 Turdo
871 3530 1011 3579 cognomen
1030 3514 1119 3578 pingui
1137 3513 1174 3563 ol.
1192 3509 1198 3581 l

128 3583 172 3635 ille
190 3583 227 3634 13⁰
253 3584 257 3649 Ι
282 3585 313 3634 60
332 3582 473 3646 versemur]
492 3583 541 3632 B0:
560 3589 676 3634 uersetur
702 3585 706 3650 Ι
734 3586 766 3636 63
789 3584 895 3634 licenter
912 3583 1109 3644 Praodtoooiue,
1128 3580 1199 3630 Hor·

129 3651 213 3702 leelina
231 3651 303 3702 anal.
321 3650 384 3702 Hor.
399 3666 427 3715 p.
446 3652 477 3701 37
484 3666 539 3715 sqq.
567 3651 571 3715 l
599 3653 630 3702 65
659 3666 788 3704 sermone:
810 3651 934 3702 molestus
956 3649 1073 3714 (virgula
1091 3650 1153 3711 om.)
1173 3654 1199 3699 et

129 3734 246 3772 sermone
268 3719 404 3769 molestus:
431 3717 466 3768 el.
493 3719 497 3782 Ι
526 3721 557 3769 ἸΟ
575 3734 640 3768 num
658 3724 805 3784 compensat
823 3723 835 3768 t
852 3718 905 3769 ΑΚ
922 3722 1003 3768 etsie
1020 3717 1060 3766 Me
1083 3717 1087 3780 Ι
1112 3718 1144 3767 '11
1157 3732 1196 3780 sq.

128 3788 230 3839 .Amari
249 3788 351 3851 (Amare
368 3785 542 3850 Doce-ingiter)
564 3787 584 3836 si
605 3787 675 3837 volet
693 3788 740 3838 bac
757 3787 829 3852 lege,
855 3787 880 3836 in
899 3787 994 3851 Por-pb.
1012 3785 1196 3848 (Bomagius,

127 3855 282 3920 Madvigius
305 3855 364 3905 adv.
391 3857 451 3905 etot.
470 3853 550 3917 1159)
577 3853 582 3922 Ι
610 3858 644 3906 74
661 3856 777 3920 ignoscat
792 3855 796 3921 l
812 3856 864 3916 [85]
881 3853 922 3903 Me
948 3855 951 3913 Ι
980 3856 1054 3917 858q.
1072 3852 1195 3916 insuavis,

128 3924 249 3975 acerbus:
268 3922 350 3974 Odisti
369 3922 412 3986 ol,
430 3928 458 3972 at
476 3919 511 3981 ef.
529 3923 613 3974 Bentl.

961 4007 992 4056 9*
