2656 4448
481 234 653 287 marimum
670 237 681 288 l
699 240 739 290 37.
759 241 798 292 38.

234 406 286 466 Vix
303 425 362 466 uua
378 425 480 486 sospes
497 408 577 469 navis
591 408 627 467 ab
644 408 772 487 ignibus,

234 491 425 570 Mentemque
441 492 617 571 lymphatam
633 493 791 556 Mareotico

279 576 403 655 Redegit
418 577 447 636 in
464 595 549 638 veros
564 578 685 639 timores

332 660 447 736 Caesar,
463 661 498 721 ab
511 662 591 722 ltalia
606 663 753 723 volantem

236 779 335 840 Remis
351 782 508 859 adurgens,
524 781 664 860 accipiter
679 782 757 844 velut

236 862 331 925 Mollis
347 865 497 926 columbas
513 876 563 926 aut
578 866 711 945 leporem
728 868 804 929 citus

283 948 412 1010 Venator
427 951 456 1011 iu
475 952 587 1030 campis
604 951 704 1013 nivalis

331 1034 521 1109 Haemoniae,
538 1036 620 1096 daret
635 1045 669 1096 ut
683 1037 795 1098 catenis

234 1150 330 1214 Fatale
347 1164 528 1215 monstrum:
545 1172 620 1232 quae
634 1156 809 1233 generosius

234 1236 335 1298 Perire
352 1257 497 1317 quaerens
514 1258 569 1299 nec
584 1239 768 1300 muliebriter

281 1322 402 1402 Expavit
418 1342 519 1384 ensem
535 1342 591 1384 nec
606 1325 724 1386 latentis

332 1407 429 1468 Classe
444 1408 500 1468 cita
516 1410 662 1486 reparavit
676 1427 752 1482 oras,

234 1526 311 1584 Ausa
327 1532 356 1584 et
370 1525 514 1584 iacentem
530 1525 623 1585 visere
638 1527 746 1603 regiam

235 1609 323 1670 Voltu
338 1627 455 1682 sereno,
471 1609 556 1670 fortis
571 1619 600 1670 et
616 1628 734 1688 asperas

280 1693 417 1754 Tractare
433 1703 597 1772 serpentes,
613 1703 646 1754 ut
661 1704 757 1755 atrum

331 1778 463 1857 Corpore
478 1778 652 1839 conbiberet
665 1799 822 1855 venenum,
843 1815 844 1818 =

234 1895 399 1956 Deliberata
415 1905 510 1957 morte
526 1897 669 1971 ferocior;

162 1975 164 1979 ’
233 1980 331 2041 Saevis
346 1981 486 2043 liburnis
501 1981 612 2043 scilicet
626 1983 762 2044 invidens

281 2065 394 2126 Privata
409 2066 515 2127 deduci
530 2067 659 2146 superbo

330 2151 396 2212 Non
413 2151 531 2212 humilis
546 2153 652 2213 mulier
668 2151 827 2231 triumpho.

567 2403 712 2464 xxxvm
733 2389 738 2400 ’

234 2520 369 2582 Persicos
384 2522 441 2595 odi,
458 2541 543 2601 puer,
559 2523 724 2603 adparatus,

235 2604 398 2685 Displicent
414 2626 507 2667 nexae
523 2609 636 2687 philyra
652 2625 797 2680 coronae;

235 2690 317 2750 Mitte
333 2692 449 2763 sectari,
466 2710 532 2753 rosa
548 2711 607 2770 quo
623 2694 756 2754 locorum

311 2774 382 2835 Sera
397 2786 540 2838 moretur.

234 2891 367 2971 Simplici
383 2903 477 2972 myrto
494 2895 566 2954 nibil
580 2895 732 2955 adlabores

234 2976 370 3050 Sedulus,
386 2994 474 3037 curo:
490 2996 587 3055 neque
602 2988 632 3038 te
648 2979 816 3040 ministrum

235 3061 362 3121 Dedecet
378 3070 491 3141 myrtus
506 3080 603 3140 neque
618 3082 665 3124 me
680 3063 735 3125 sub
749 3073 811 3123 arta

282 3147 346 3207 Vite
362 3146 521 3207 bibentem.

191 3396 304 3447 llllllVll
321 3414 345 3450 v.
365 3400 397 3450 25
415 3404 541 3450 tacentem
561 3401 595 3462 (υ)
613 3399 698 3450 Beotl.

191 3463 314 3516 xxxvtll
332 3482 356 3516 υ.
376 3469 391 3518 6
409 3481 468 3517 cura
486 3467 572 3518 Bentl.

543 3737 745 3747 ——-—-
