2656 4448
518 236 690 289 GARMlNUM
708 237 728 289 ll
746 240 769 290 9.
790 241 829 290 10.

660 408 698 467 lll

268 529 334 588 Non
351 546 468 608 semper
483 527 593 588 imbres
608 527 738 588 nubibus
753 528 884 606 hispidos

269 613 390 673 Manent
405 613 435 674 in
453 631 539 690 agros
554 621 605 672 aut
620 631 700 673 mare
716 612 853 692 Caspium

313 697 427 759 Vexent
443 697 612 777 inaequales
627 698 774 776 procellae

364 783 463 862 Usque
482 801 537 844 nec
554 784 700 844 Armeniis
715 783 745 843 in
763 784 832 855 oris,

270 901 370 960 Amice
385 901 476 980 Valgi,
492 909 549 962 stat
563 901 672 979 glacies
687 903 767 962 iners

267 985 377 1046 Mensis
392 1003 446 1064 per
461 986 558 1048 omnis
572 997 623 1046 aut
637 986 827 1065 aquilonibus

242 1084 244 1087 ’
314 1069 486 1149 Querqueta
503 1071 632 1149 Gargani
646 1071 784 1132 laborant

365 1154 404 1215 Et
418 1156 496 1216 loliis
510 1157 668 1217 viduantur
684 1157 765 1217 orni:

269 1271 314 1334 Tu
329 1293 446 1353 semper
461 1293 550 1354 urges
565 1275 711 1336 flebilibus
725 1276 820 1336 modis

269 1357 384 1437 Mysten
401 1360 571 1438 ademptum
588 1379 643 1420 nec
658 1360 712 1421 tibi
727 1360 857 1439 Vespero

314 1444 461 1522 Surgente
477 1444 625 1506 decedunt
639 1463 754 1505 amores

367 1529 428 1589 Nec
445 1529 580 1607 rapidum
596 1530 728 1608 fugiente
743 1528 846 1589 solem.

271 1645 307 1705 At
323 1665 384 1706 non
400 1657 446 1706 ter
462 1665 532 1707 aevo
548 1649 668 1708 functus
684 1646 840 1707 amabilem

271 1730 397 1791 Ploravit
412 1733 510 1793 omnis
525 1733 714 1792 Antilochum
731 1750 822 1792 senex

316 1818 420 1877 Annos
437 1835 492 1877 nee
508 1817 658 1895 impubem
675 1826 812 1896 parentes

367 1901 488 1961 Troilon
506 1912 556 1962 aut
571 1902 713 1981 Phrygiae
729 1920 846 1962 sorores

270 2018 390 2080 Fleverc
406 2037 533 2098 semper.
566 2019 673 2081 Desine
689 2019 820 2081 mollium

270 2102 401 2165 Tandem
419 2105 616 2183 querellarum
633 2115 661 2166 et
676 2105 775 2184 potius
791 2122 864 2164 nova

317 2189 476 2251 Cantemus
492 2190 616 2270 Augusti
630 2200 749 2269 tropaea

369 2274 500 2336 Caesaris
516 2285 544 2335 et
559 2275 686 2354 rigidum
702 2275 847 2353 Niphaten

271 2392 450 2472 Medumque
466 2395 577 2454 llumen
595 2393 734 2472 gentibus
749 2392 880 2453 additum

271 2477 361 2538 Victis
375 2479 508 2539 minores
523 2479 638 2539 volvere
653 2479 778 2538 vertices

317 2561 459 2642 Intraque
474 2564 689 2642 praescriptum
707 2563 837 2624 Gelonos

368 2647 489 2727 Exiguis
504 2649 636 2727 equitare
651 2648 771 2727 campis.
876 2697 878 2703 .

605 2798 758 2812 ...-.....—

667 2915 693 2974 X

272 3034 393 3096 Rectius
407 3035 495 3108 vives,
511 3034 616 3107 Licini,
633 3052 731 3112 neque
746 3034 837 3094 altum

273 3119 398 3198 Semper
414 3121 546 3198 urgendo
563 3120 755 3197 nequedum
771 3117 917 3198 procellas

274 3203 383 3266 Cautus
399 3205 555 3276 horrescis,
573 3204 696 3264 nimium
713 3204 874 3282 premendo

349 3289 431 3348 Litus
446 3289 591 3368 iniquum.

271 3408 398 3466 Auream
414 3407 548 3487 quisquis
563 3407 793 3468 mediocritatem

272 3491 380 3569 Diligit,
396 3500 477 3554 tutus
494 3500 572 3553 caret
587 3492 711 3552 obsoleti

273 3575 414 3638 Sordibus
429 3577 509 3650 tecti,
527 3584 606 3636 caret
621 3576 776 3636 invidenda

349 3661 473 3723 Sobrius
488 3661 562 3722 aula.

142 3796 346 3806 -.—-——

232 3909 295 3963 llo.
315 3914 330 3963 6
348 3910 437 3977 Diligit
455 3918 534 3975 tutus,
552 3909 638 3961 uentt.
655 3908 658 3977 Ι
675 3909 799 3961 obsoletis
817 3913 854 3975 (o)
