2656 4448
500 219 541 271 DE
559 219 647 272 ARTE
665 217 812 272 pourton.
1133 216 1198 276 233

208 392 250 453 Ex
273 400 345 453 noto
368 393 468 453 fictum
492 410 610 452 carmen
633 409 749 469 sequar,
772 401 805 453 ut
827 391 883 452 sibi
907 393 1000 470 quivis
1153 404 1197 455 itu

208 480 316 558 Speret
339 478 426 550 idem,
449 476 534 539 sudet
555 476 679 537 multum
702 477 870 555 frustraque
891 477 1007 538 laboret

208 567 305 624 Ausus
327 563 422 636 idem;
445 571 558 623 tantum
583 561 674 623 series
695 561 892 640 iuncturaque
915 563 1015 642 pollet,

208 649 336 709 'lantum
359 648 394 708 de
417 647 514 708 medio
536 647 661 727 sumptis
684 647 795 707 accedit
817 647 948 709 honoris.

211 733 297 796 Silvis
318 733 435 794 deducti
460 743 581 793 caveant
602 750 649 792 me
672 731 768 792 iudice
790 731 895 805 Fauni,

210 819 253 880 Ne
275 818 356 878 velut
377 818 472 878 innati
494 818 586 878 triviis
608 835 641 877 ac
664 835 758 896 paene
781 817 915 878 forenses
1154 829 1198 878 tlt

169 896 181 922 ‘
211 905 270 964 dut
292 903 415 963 nimium
439 903 550 963 teneris
572 902 751 962 iuvenentur
771 903 905 963 versibus
927 920 1067 981 umquam

209 992 267 1049 Aut
289 987 432 1049 inmunda
455 997 579 1066 crepent
601 987 857 1065 ignominiosaque
879 987 970 1061 dicta;

211 1073 412 1134 Offenduntur
434 1073 524 1144 enim,
548 1072 655 1151 quibus
678 1080 722 1133 est
744 1091 838 1151 equus
861 1081 890 1134 et
911 1080 996 1153 pater
1018 1082 1047 1133 et
1068 1091 1126 1147 res,

209 1159 280 1232 Nec,
303 1157 399 1236 siquid
422 1157 499 1219 lricti
523 1157 627 1218 ciceris
650 1156 757 1237 probat
778 1168 807 1218 et
829 1158 914 1219 nucis
937 1166 1062 1237 emptor,

211 1243 321 1321 Aequis
343 1243 493 1322 accipiunt
514 1243 618 1303 animis
641 1243 789 1304 donantve
812 1261 931 1304 corona.
954 1276 995 1287 -
1156 1253 1199 1305 att

212 1326 327 1408 Syllaba
351 1327 439 1407 longa
461 1328 542 1388 brevi
565 1327 696 1388 subiecta
720 1337 841 1388 vocatur
863 1328 986 1401 iambus,

211 1414 266 1473 Pes
288 1412 377 1487 citus3
402 1413 481 1472 unde
505 1413 591 1473 etiam
616 1413 757 1473 trimetris
779 1413 950 1474 adcrescere
973 1413 1057 1474 iussit

210 1498 323 1558 Nomen
347 1497 478 1570 iambeis,
501 1515 567 1557 cum
592 1516 681 1558 senos
702 1497 839 1558 redderet
860 1498 936 1558 ictus

211 1582 328 1643 Primus
350 1583 385 1642 ad
409 1591 573 1643 extremum
595 1582 697 1642 similis
719 1582 783 1643 sibi.
820 1583 887 1643 Non
911 1583 950 1642 ita
973 1582 1097 1661 pridem,

210 1667 335 1728 Tardior
357 1674 390 1727 ut
412 1667 511 1746 paullo
533 1667 710 1745 graviorque
731 1668 846 1728 veniret
867 1668 902 1727 ad
926 1668 1014 1741 auris,
1155 1677 1199 1728 255

213 1752 369 1832 Spondeos
391 1751 504 1812 stabilis
526 1752 556 1811 in
581 1752 642 1812 iura
666 1761 789 1832 paterna
812 1753 924 1832 recepit

215 1837 393 1898 Commodus
415 1845 445 1897 et
466 1837 591 1915 patiens,
606 1842 676 1898 'non
699 1846 733 1898 ut
754 1838 790 1898 de
813 1836 882 1899 sede
903 1837 1034 1898 secunda

213 1922 335 1983 Cederet
357 1931 407 1982 aut
429 1931 532 2000 quarta
554 1923 709 1983 socialiter.
755 1922 809 1983 llic
831 1931 861 1982 et
883 1922 912 1982 in
937 1923 1006 1983 Acci

211 2005 367 2068 Nobilibus
389 2006 530 2068 trimetris
552 2007 673 2087 adpare't
694 2016 778 2069 rarus
801 2018 830 2068 et
851 2006 931 2068 Enni

214 2092 246 2152 ln
270 2110 406 2153 scaenam
430 2093 536 2154 missos
558 2111 624 2154 cum
648 2111 757 2172 magno
780 2092 912 2172 pondere
934 2111 1036 2154 versus

213 2178 272 2237 Aut
294 2195 401 2256 operae
424 2178 528 2240 celeris
550 2178 674 2240 nimium
698 2197 828 2258 curaque
851 2178 981 2239 carentis

213 2262 271 2321 Aut
293 2262 446 2340 ignoratae
469 2264 576 2342 premit
598 2264 668 2324 artis
690 2265 812 2325 crimine
834 2264 924 2343 turpi.

212 2347 278 2406 Non
303 2347 397 2424 quivis
418 2347 496 2407 videt
518 2348 698 2408 inmodulata
721 2355 856 2426 poemata
879 2349 976 2417 iudex,

213 2431 251 2491 Et
272 2431 336 2490 data
359 2431 501 2491 Romanis
522 2431 605 2490 venia
630 2442 674 2491 est
696 2431 818 2508 indigna
842 2433 945 2510 poetis.

214 2515 368 2575 ldcircone
390 2532 479 2592 vager
500 2515 686 2593 scribamque
709 2512 854 2576 licenter?
877 2533 913 2575 an
939 2514 1037 2574 omnis

213 2599 334 2661 Visuros
356 2608 475 2678 peccata
497 2611 599 2678 putem
620 2618 695 2672 mea,
718 2609 799 2660 tutus
821 2608 851 2660 et
872 2600 949 2660 intra

214 2685 304 2764 Spem
327 2684 429 2745 veniae
453 2682 577 2745 cautus?
599 2685 685 2745 vitavi
707 2685 835 2762 deniqne
858 2684 985 2764 culpam,

214 2771 280 2830 lton
304 2768 418 2830 laudem
442 2769 552 2831 merui:
576 2789 628 2831 vos
650 2769 825 2850 exemplaria
848 2769 957 2831 Graeca

213 2855 364 2916 Nocturna
386 2865 499 2915 versate
520 2872 621 2927 manu,
643 2865 757 2916 versate
779 2853 894 2914 diurna.

213 2942 251 3000 At
272 2939 360 3000 vestri
383 2940 484 3019 proavi
506 2939 659 3001 Plautinos
681 2949 711 3000 et
733 2958 873 3000 numeros
895 2950 924 3000 et

100 3030 103 3035 '
214 3024 381 3085 laudavere
405 3025 489 3099 sales,
514 3025 637 3084 nimium
660 3025 808 3104 patienter
828 3033 999 3103 utrumque,

212 3105 255 3169 Ne
278 3109 372 3170 dicam
394 3109 491 3183 stulte,
513 3111 620 3182 mirati,
643 3108 777 3171 simodo
800 3128 855 3188 ego
879 3119 908 3169 et
930 3128 980 3169 vos

214 3193 328 3254 Scimus
351 3194 531 3255 inurbanum
553 3195 650 3274 lepido
674 3213 820 3274 seponere
843 3195 920 3255 dicto

214 3279 452 3358 legitimumque
474 3299 581 3340 sonum
605 3280 702 3358 digitis
725 3279 864 3340 callemus
886 3289 916 3340 et
938 3296 1019 3339 aure.
1043 3311 1083 3322 -

217 3363 354 3442 lgnotum
377 3365 505 3443 tragicae
527 3384 622 3444 genus
643 3365 792 3426 invenisse
817 3364 960 3426 Camenae
1158 3370 1202 3420 275

214 3448 326 3509 Dicitur
350 3458 378 3509 et
399 3450 538 3527 plaustris
559 3450 671 3512 vexisse
692 3460 829 3529 poemata
852 3450 976 3529 Thespis

125 3567 330 3577 n——-

212 3648 235 3686 c.
255 3635 304 3686 252
322 3632 443 3684 accedere
460 3634 558 3699 Porplr.
579 3633 582 3701 Ι
603 3635 700 3686 iussum
717 3634 750 3685 M
760 3631 848 3700 praef.
867 3634 907 3686 ad.
925 3650 950 3685 e.
973 3633 1037 3684 1879
1053 3646 1079 3693 p.
1098 3628 1172 3680 Llllll
1193 3626 1198 3688 l

127 3702 177 3753 253
196 3715 298 3752 momen
316 3700 472 3752 Ribbeelu‘ue
490 3705 515 3751 ot
528 3701 657 3756 Uaccaeos
675 3718 718 3768 op.
737 3703 820 3764 urta,
839 3707 868 3752 at
886 3699 920 3762 cf.
934 3699 985 3751 Ali
1005 3699 1010 3767 l
1034 3700 1083 3752 256
1102 3696 1200 3748 alterna

129 3768 188 3821 Vel.
210 3768 359 3820 Slotltower·
384 3775 435 3822 act.
460 3769 512 3822 titt.
539 3774 627 3822 societ.
655 3770 874 3824 liliano-Troiam.
902 3773 926 3834 3,
955 3771 1018 3827 191,
1039 3767 1065 3821 0.
1083 3767 1116 3819 F.
1135 3765 1200 3815 Her-

126 3850 208 3886 mann
226 3839 320 3890 Ptrtot.
343 3841 382 3902 10,
401 3839 450 3890 233
462 3854 499 3903 aq.
517 3836 520 3904 l
536 3839 585 3891 265
598 3855 654 3905 sqq.
673 3838 787 3902 licenter,
806 3853 838 3890 au
851 3875 858 3891 .
871 3875 878 3890 .
891 3841 967 3890 mea?
987 3843 1056 3888 tutus
1070 3873 1076 3887 .
1090 3876 1096 3888 .
1109 3839 1201 3885 cautus

127 3903 159 3972 (a.
178 3907 286 3970 cautus)
309 3905 389 3957 vitavi
407 3906 611 3958 ,doederleiniua
637 3913 641 3971 Ι
668 3908 717 3958 273
736 3906 831 3958 dictum
849 3908 884 3972 (c)
