2656 4448
128 217 188 275 140
508 219 698 272 SATlRARUM
716 222 725 272 l
743 224 768 273 5.
787 225 810 274 6.

214 388 370 451 Flentibus
393 391 464 452 hinc
485 390 589 452 Varius
611 390 735 452 discedit
758 402 884 455 maestus
905 395 1014 457 amicis.

212 475 285 535 lnde
306 475 409 537 Rubos
430 476 500 536 lessi
521 476 721 556 pervenimus,
745 488 847 557 utpote
869 480 992 557 longum

139 572 168 622 95
213 561 376 639 Carpentes
397 561 454 621 iter
476 571 506 620 et
527 563 636 621 lactum
660 564 829 643 corruptius
850 563 947 625 imbri.

212 645 331 706 Postera
354 653 512 725 tempestas
535 646 648 718 melior,
671 647 715 707 ria
738 648 821 727 peior
843 648 879 709 ad
901 669 996 728 usque

212 730 279 790 Bari
302 731 418 790 moenia
440 731 558 809 piscosi.
603 731 677 791 Dein
701 731 805 793 Gnatia
827 733 953 813 lymphis
980 772 982 776 ·

211 815 296 875 lratis
318 824 466 876 exstructa
488 816 567 876 dedit
589 816 724 894 risusque
747 818 897 896 iocosque,

213 901 288 961 Dum
312 901 427 961 llamma
449 901 513 961 sine
536 909 601 960 tura
623 900 788 978 liquescere
810 903 911 963 limine
934 922 1018 965 sacro

127 996 169 1045 loo
213 985 393 1045 Persuadere
416 986 506 1064 cupit.
552 985 658 1046 Credat
679 985 804 1048 Iudaeus
825 988 936 1067 Apella,

213 1070 279 1129 Non
303 1087 372 1148 ego;
397 1088 525 1148 namque
548 1072 619 1131 deos
641 1071 728 1131 didici
750 1091 888 1133 securum
912 1092 999 1154 agere
1022 1092 1125 1136 aerum

212 1155 283 1228 Nec,
307 1153 403 1232 siquid
426 1156 492 1215 miri
515 1156 602 1215 faciat
624 1163 738 1230 natura,
762 1157 832 1218 deos
855 1158 882 1218 id

213 1238 317 1300 Tristis
340 1259 376 1300 ex
399 1240 457 1300 alto
480 1241 551 1301 caeli
575 1240 728 1301 demittere
751 1250 838 1302 tecto.

213 1324 404 1385 Brundisium
426 1325 532 1404 longae
555 1325 622 1386 finis
645 1326 821 1406 chartaeque
843 1328 964 1406 viaeque
987 1336 1040 1389 est.

646 1596 681 1656 Vl

213 1714 277 1774 Non
303 1714 380 1792 quia,
403 1713 566 1786 Maecenas,
589 1714 737 1793 Lydorum
761 1715 902 1793 quidquid
925 1715 1067 1779 Etruscos

213 1799 341 1860 lncoluit
362 1799 439 1870 finis,
462 1818 550 1859 nemo
573 1799 748 1877 generosior
770 1807 814 1860 est
836 1809 875 1873 te,

213 1885 273 1945 Nec
296 1885 376 1962 quod
399 1902 468 1944 avus
491 1885 543 1944 tibi
567 1893 717 1944 maternus
740 1884 795 1944 luit
816 1894 905 1963 atque
928 1895 1080 1964 paternus,

218 1968 294 2029 Olim
318 1969 368 2046 qui
390 1969 506 2047 magnis
528 1967 696 2046 legionibus
719 1968 932 2047 imperitarent,

156 2064 171 2112 o
214 2053 252 2112 Ut
275 2053 409 2131 plerique
432 2052 537 2122 solent,
562 2072 633 2113 naso
657 2055 812 2131 suspendis
835 2055 950 2116 adunco

214 2137 347 2215 Ignotos,
371 2146 404 2196 ut
425 2156 472 2196 me
494 2137 633 2198 libertino
658 2148 740 2217 patre
763 2148 873 2200 natum.

213 2222 285 2282 Cum
308 2222 421 2281 referre
446 2241 544 2300 negas,
568 2223 645 2301 quali
669 2224 706 2283 sit
728 2225 853 2302 quisque
877 2232 1001 2303 parente

214 2307 313 2379 Natus,
338 2307 408 2367 dnm
432 2307 589 2386 ingenuus,
613 2309 774 2386 persuades
796 2309 853 2368 hoe
875 2307 929 2368 tibi
951 2326 1028 2382 rere,

213 2393 289 2452 Ante
313 2400 487 2471 potestatem
510 2391 587 2452 Tulli
610 2403 697 2470 atque
720 2393 849 2472 ignobile
872 2410 998 2470 regnum

142 2488 169 2537 lo
212 2477 321 2538 Multos
343 2497 429 2559 saepe
451 2478 530 2538 viros
553 2478 641 2538 nullis
663 2478 823 2537 maioribus
845 2487 927 2537 ortos

211 2562 250 2622 Et
270 2564 375 2623 vixisse
397 2562 509 2641 probos
531 2563 635 2641 amplis
659 2573 687 2622 et
712 2562 876 2622 honoribus
898 2571 1017 2638 auctos3

213 2647 320 2708 Contra
343 2647 513 2720 Laevinum,
538 2647 631 2707 Valeri
654 2665 758 2725 genus,
782 2647 861 2707 unde
884 2646 1037 2724 Superbus

213 2731 391 2810 Tarquinius
414 2751 507 2810 regno
531 2733 633 2810 pulsus
657 2731 740 2809 fugit,
764 2732 852 2792 unius
876 2732 948 2792 assis

212 2817 277 2875 Nou
303 2835 440 2895 umquam
464 2818 559 2895 pretio
583 2817 675 2895 pluris
697 2816 825 2889 licuisse,
848 2825 971 2876 notante

141 2910 169 2959 15
214 2899 321 2976 ludice,
345 2921 404 2980 quo
428 2901 516 2973 nosti,
539 2902 659 2981 populo,
682 2902 731 2979 qui
756 2902 863 2962 stultus
885 2902 1015 2961 honores

213 2985 305 3065 Saepe
327 2988 376 3047 dat
397 2987 527 3065 indiguis
549 2997 579 3046 et
600 2987 693 3046 lamae
715 2987 804 3046 servit
826 2987 954 3064 ineptus,

212 3070 269 3140 Qui
292 3080 392 3150 stupet
413 3072 443 3130 in
467 3071 559 3132 titulis
581 3081 610 3131 et
633 3071 821 3148 imaginibus.
866 3071 944 3142 Quid
966 3078 1086 3149 oportet

211 3154 272 3214 Nos
295 3156 390 3216 lacere
414 3174 429 3214 a
451 3156 536 3232 volgo
561 3157 649 3235 longe
672 3156 819 3233 longeque
842 3152 996 3215 remotos?

211 3238 343 3315 Namque
367 3249 440 3311 esto,
464 3240 591 3317 populus
614 3241 741 3301 Laevino
764 3240 864 3301 mallet
886 3241 1032 3300 honorem

139 3333 167 3381 to
211 3322 305 3392 Quam
328 3324 416 3383 Decio
440 3324 579 3384 mandare
603 3344 678 3385 novo
701 3343 867 3403 censorque
889 3334 1022 3385 moveret

52 3411 54 3415 ’
211 3408 333 3487 Appius,
358 3408 488 3488 ingenuo
512 3410 536 3469 si
560 3428 620 3469 non
644 3428 739 3470 essem
761 3420 845 3489 patre
868 3419 954 3470 uatus
977 3443 990 3453 -

211 3492 263 3552 Vel
285 3494 399 3566 merito,
424 3496 562 3571 quoniam
585 3496 615 3554 in
640 3495 759 3573 propria
783 3514 844 3555 non
868 3495 944 3573 pelle
966 3494 1114 3572 quiessem
1138 3527 1162 3567 -,

213 3578 269 3638 Sed
292 3579 424 3655 fulgente
447 3580 534 3639 trahit
557 3580 734 3639 constrictos
757 3579 854 3640 Gloria
878 3599 966 3640 curru

212 3829 231 3877 V
250 3846 273 3880 o.
293 3831 324 3881 93
345 3830 386 3881 hic
405 3832 438 3894 (o)
454 3828 459 3892 Ι
474 3831 505 3881 97
524 3828 615 3880 dehinc

210 3896 242 3947 Vl
262 3914 283 3948 o.
303 3900 319 3948 4
337 3897 505 3964 imperitarinl
524 3897 528 3962 Ι
549 3899 564 3948 6
584 3900 620 3958 ut]
639 3899 688 3961 (etz
708 3903 751 3949 aut
769 3903 817 3949 ele.
834 3898 837 3964 l
856 3901 886 3950 13
906 3897 954 3950 luit
971 3899 1006 3964 (a)
1022 3897 1027 3964 Ι
1045 3900 1077 3950 18
1097 3897 1202 3964 lateque
