2656 4448
521 214 710 268 slnmnun
729 216 737 266 r
756 220 781 268 4.
1105 174 1107 179 ⁵
1129 216 1189 274 135

209 389 276 461 Quo
299 398 475 469 personatus
497 397 582 466 pacto
605 396 699 466 pater.
743 389 803 458 His,
827 406 881 465 ego
906 407 979 467 quae
1003 408 1094 460 nunc,

211 475 287 536 Olim
309 492 384 551 quae
406 474 523 551 scripsit
545 472 685 545 Lucilius,
709 473 814 551 eripias
836 475 859 534 si

208 559 354 639 Tempora
378 567 457 618 certa
478 558 639 635 modosque
655 566 684 617 et
700 559 778 635 quod
794 559 876 637 prius
892 558 995 618 ordine
1011 560 1132 620 verbum
1149 571 1193 622 est

210 644 360 705 Posterius
382 643 479 717 lacias,
502 661 690 722 praeponens
713 643 814 703 ultima
838 643 940 720 primis
962 677 975 687 -

210 729 287 803 Non,
308 738 342 790 ut
363 729 387 789 si
409 730 503 790 solvas
522 720 692 806 ‘postquam
715 727 865 788 Discordia
887 736 978 788 taetra
1166 741 1195 790 00

210 814 282 874 Belli
304 816 429 874 serratos
451 813 544 892 postis
566 824 725 891 portasque
748 803 874 890 refregit'
902 847 929 886 ·,

210 899 345 960 lnvenias
368 899 456 959 etiam
478 898 592 959 disiecti
615 898 747 958 membra
770 907 884 976 poetae.
908 933 949 942 -

210 984 362 1045 Hactenus
384 984 470 1043 haec:
494 984 564 1044 alias
586 984 694 1042 iustum
717 984 755 1043 sit
778 1001 873 1043 necne
896 1001 1010 1060 poema,

210 1069 297 1130 Nunc
319 1069 390 1129 illud
412 1078 525 1129 tantum
550 1086 698 1146 quaeram,
721 1068 868 1128 meritone
890 1067 942 1127 tibi
965 1068 1003 1128 sit

212 1153 388 1233 Suspectum
411 1172 505 1233 genus
527 1153 583 1213 boo
607 1152 766 1213 scribendi.
808 1152 925 1214 Sulcius
948 1171 1016 1213 acer

212 1238 349 1298 Ambulat
370 1248 400 1298 et
422 1238 553 1317 Caprius,
577 1239 659 1298 rauci
680 1238 755 1298 male
778 1256 905 1316 cumque
928 1236 1042 1310 libellis,

211 1323 334 1403 Magnus
356 1333 480 1401 uterque
503 1324 592 1383 timor
614 1323 794 1395 latronibus;
817 1333 846 1382 at
869 1323 944 1383 boue
967 1323 1059 1401 siquis

211 1408 248 1468 Et
269 1409 342 1468 vivat
365 1409 446 1488 puris
469 1407 614 1480 manibus,
638 1417 809 1467 contemnat
831 1417 1000 1485 utrumque.

210 1493 249 1554 Ut
269 1495 309 1555 sis
333 1503 363 1553 tu
386 1494 488 1553 similis
510 1491 587 1553 Caeli
610 1493 745 1570 Birrique
769 1493 927 1564 latronum,

210 1578 275 1638 Non
299 1597 354 1657 ego
376 1579 431 1638 sim
454 1578 539 1655 Capri
563 1597 660 1655 neque
683 1577 780 1637 Sulci:
803 1595 856 1637 cur
878 1586 992 1637 metuas
1014 1575 1083 1637 me‘.l
1169 1587 1198 1637 10

211 1663 294 1724 Nulla
317 1662 439 1723 taberna
462 1681 543 1722 meos
566 1663 672 1723 babeat
695 1680 791 1739 neque
813 1661 871 1740 pila
894 1661 1018 1734 libellos,

211 1748 284 1819 Quis
305 1767 410 1808 manus
432 1748 550 1807 insudet
572 1748 647 1825 volgi
670 1747 924 1826 Hermogenisque
948 1746 1061 1824 Tigelli,

212 1832 272 1892 Nec
295 1834 386 1893 recito
410 1833 547 1910 cuiquam
571 1834 626 1894 nisi
649 1832 749 1893 amicis
771 1833 858 1910 idque
881 1840 1011 1903 coactus,

212 1917 277 1978 Non
301 1919 395 1978 ubivis
418 1937 552 1978 coramve
576 1918 763 1996 quibuslibet.
808 1917 841 1976 ln
867 1916 962 1976 medio
985 1916 1037 1994 qui

213 2002 327 2082 Scripta
349 2005 414 2063 loro
436 2004 562 2064 recitent
584 2012 654 2065 sunt
675 2003 758 2063 multi
782 2003 892 2080 quique
915 2001 1053 2074 lavantes,

212 2087 306 2154 Suave
329 2089 411 2149 locus
434 2089 496 2149 voci
519 2099 638 2149 resonat
661 2089 828 2149 conclusus.
872 2088 973 2148 lnanis

213 2172 276 2233 Hoo
298 2173 385 2245 iuvat,
409 2175 484 2234 baud
509 2173 580 2233 illud
604 2175 782 2252 quaerentis,
806 2191 877 2233 num
901 2172 965 2233 sine
988 2189 1087 2245 sensu,
1197 2214 1198 2217 κ

212 2257 357 2335 Tempore
382 2277 451 2317 num
477 2259 584 2319 saciant
606 2260 711 2319 alieno.
745 2253 888 2318 ‘laedere
911 2247 1028 2335 gaudes'

212 2342 311 2420 lnquit
330 2336 374 2402 ‘et
396 2343 452 2403 boc
474 2344 570 2403 studio
594 2362 700 2421 pravus
722 2335 810 2403 lacis?
860 2342 943 2402 Unde
966 2342 1090 2419 petitum

213 2426 276 2487 Hoc
299 2429 329 2486 in
353 2446 399 2486 me
421 2425 512 2486 iacis?
535 2438 578 2487 est
602 2438 705 2487 auctor
727 2429 792 2505 quis
815 2427 942 2503 denique
965 2445 1077 2498 eorum,

212 2511 275 2571 Vixi
299 2530 364 2570 curn
389 2510 518 2588 quibns‘l
559 2505 730 2571 ‘Absentem
755 2511 804 2589 qui
827 2511 904 2569 rodit
927 2511 1062 2582 amicum,

213 2595 269 2665 Qui
295 2615 355 2654 non
379 2594 510 2655 delendit
532 2596 587 2655 alio
611 2595 758 2674 culpante,
781 2595 891 2655 solutos

214 2680 271 2749 Qui
294 2689 391 2758 captat
413 2681 488 2740 risus
511 2682 664 2741 bominum
688 2683 853 2757 famamque
876 2678 993 2751 dicacis,

213 2764 339 2843 Fingere
362 2765 412 2842 qui
436 2784 494 2824 non
519 2766 577 2826 visa
601 2775 707 2845 potest,
730 2765 875 2825 conmissa
896 2774 993 2823 tacere

212 2850 270 2921 Qui
293 2851 403 2927 nequit,
426 2850 474 2910 bic
498 2851 582 2929 niger
605 2861 658 2924 est,
680 2852 760 2911 bunc
782 2859 824 2921 tu,
848 2849 989 2921 Romane,
1012 2839 1128 2909 caveto.³
1168 2858 1197 2909 80

215 2935 308 3013 Saepe
331 2935 426 2995 tribus
448 2936 530 2996 lectis
552 2936 648 2996 videas
671 2955 777 2997 cenare
800 2944 970 3013 quaternos,

213 3019 236 3078 E
261 3020 367 3098 quibus
390 3039 468 3081 unus
490 3032 555 3080 avet
577 3023 676 3098 quavis
699 3023 873 3100 adspergere
897 3026 1020 3079 cunctos

214 3104 334 3165 Praeter
349 3124 425 3179 enm,
443 3107 493 3184 qui
508 3106 630 3184 praebet
645 3124 766 3184 aquam;
786 3115 853 3183 post
868 3105 948 3164 bunc
964 3122 1082 3182 quoque
1097 3112 1194 3182 potus,

213 3187 335 3250 Condita
358 3210 424 3251 cum
447 3210 534 3251 verax
557 3192 651 3270 aperit
672 3190 843 3271 praecordia
866 3189 962 3250 Liber.

214 3273 268 3334 llic
291 3275 343 3334 tibi
366 3277 458 3337 comis
482 3287 510 3338 et
532 3276 663 3337 urbanus
684 3277 818 3354 liberque
841 3275 964 3348 videtur,
1169 3282 1199 3332 00

212 3357 321 3420 lnlesto
345 3361 453 3439 nigris;
477 3381 530 3440 ego
554 3363 577 3423 si
600 3363 660 3436 risi,
684 3364 761 3440 quod
786 3363 904 3438 ineptus

213 3558 245 3609 lV
263 3576 285 3611 o.
305 3562 336 3612 62
355 3561 470 3611 invenies
489 3564 583 3626 Porplt.
599 3562 604 3630 Ι
620 3563 740 3628 discerpti
758 3563 827 3611 idem
843 3562 847 3623 l
863 3563 894 3611 63
915 3575 1012 3625 poema.
1031 3559 1065 3609 al.
1082 3557 1086 3624 Ι
1104 3560 1136 3609 69
1149 3563 1194 3608 aut

128 3626 157 3679 V
169 3627 173 3691 Ι
189 3625 260 3693 Byrri
270 3629 312 3692 (v),
331 3632 360 3678 at
369 3645 392 3678 v.
402 3629 435 3681 Ι).
448 3628 582 3688 Detlofsen
596 3631 678 3680 hurso
691 3629 806 3681 Notizon
816 3631 859 3679 alb.
873 3630 962 3691 einiger
975 3624 1194 3690 Qrcellonecltrir‘l-

126 3695 215 3745 atellae·
240 3695 283 3745 des
307 3697 407 3746 Plinius
432 3696 613 3747 Glnoolcstadr'i
637 3701 698 3750 1881
722 3699 781 3763 p.3
809 3698 813 3762 Ι
842 3699 873 3748 'tu
898 3711 953 3746 sum
981 3697 984 3759 1
1012 3695 1167 3757 13001110)
1189 3693 1194 3760 Ι

129 3764 161 3815 ’18
180 3763 264 3829 inquis
289 3764 293 3826 Ι
317 3766 347 3816 81
363 3757 581 3817 ‘Absentem—85
601 3762 709 3828 caveto']
733 3767 887 3815 adversario
907 3762 1014 3812 Horatii
1030 3764 1126 3811 merito
1146 3763 1193 3810 tri-

128 3833 185 3882 buit
204 3831 234 3882 H.
254 3831 323 3882 lr'oclc
340 3838 390 3882 oet.
406 3848 499 3899 gymn.
518 3850 542 3883 α.
563 3836 626 3886 1856
644 3850 669 3897 p.
689 3836 781 3897 Sbbcq.
806 3837 809 3896 1
836 3835 911 3895 8100.
930 3830 1004 3893 rodit,
1023 3829 1130 3880 amicum
1149 3828 1193 3894 qui

126 3913 178 3950 uon
197 3898 399 3950 Doederleinius
417 3900 539 3963 (Kecltr‘ur
557 3903 573 3952 l.
592 3903 619 3964 l.)
636 3901 640 3969 l
657 3903 686 3953 87
706 3909 773 3951 amet
792 3903 826 3964 (n)
