2656 4448
520 233 750 288 EPISTULARUM
768 236 778 288 l
798 237 836 290 18.
1153 239 1211 300 207

226 404 280 467 Est
300 405 370 467 huic
392 407 538 468 diversum
560 407 629 467 vitio
652 407 752 467 vitium
776 425 870 487 prope
894 409 994 483 maius,
1199 429 1214 479 5

227 492 377 570 Asperitas
399 492 521 570 agrestis
543 504 572 552 et
595 493 775 553 inconcinna
797 493 961 572 gravisque,

225 575 307 646 Quae
330 595 362 638 se
385 578 572 638 commendat
593 585 678 638 tonsa
702 586 778 651 cute,
801 579 940 640 dentibus
962 581 1041 655 atris,

226 661 301 721 hum
323 661 384 722 vult
406 661 525 723 libertas
547 662 603 722 dici
628 680 706 722 mera
729 680 856 741 veraque
878 665 979 726 virtus.

224 745 323 807 Virtus
346 755 390 808 est
412 746 541 808 medium
562 747 698 807 vitiorum
722 757 750 808 et
774 749 922 828 utrimque
944 752 1107 814 reductum.

225 831 306 891 hlter
329 832 359 891 in
383 830 558 910 obsequium
580 833 647 911 plus
670 850 764 911 aequo
787 852 901 912 pronus
924 848 952 897 et
975 837 1025 897 imi
1184 850 1212 902 10

224 915 344 977 Derisor
366 917 433 977 lecti
455 916 498 978 sic
521 926 625 978 nutum
649 917 743 978 divitis
765 919 877 991 horret,

223 999 272 1061 Sic
295 1002 381 1061 iterat
404 1020 489 1063 voces
511 1011 541 1062 et
561 1003 649 1063 verba
671 1004 804 1064 cadentia
827 1005 911 1079 tollit,

223 1085 261 1146 Ut
282 1105 408 1165 puerum
431 1106 516 1149 saevo
539 1089 641 1148 credas
663 1089 769 1149 dictata
792 1090 931 1169 magistro

222 1169 356 1232 Reddere
380 1173 423 1232 vel
448 1173 539 1252 partis
561 1173 683 1233 mimum
706 1183 832 1235 tractare
855 1177 1015 1250 secundas;

222 1255 303 1316 Alter·
324 1257 437 1318 rixatur
458 1259 494 1319 de
517 1259 582 1318 lana
605 1276 691 1338 saepe
714 1261 844 1338 caprina,
1183 1277 1210 1327 lt

224 1339 394 1422 Propugnat
417 1345 503 1422 nugis
526 1352 655 1404 armatus
677 1344 805 1404 scilicet:
825 1339 877 1405 ‘Ut
900 1365 960 1406 non

222 1425 265 1486 Sit
288 1427 358 1487 mihi
381 1429 474 1506 prima
500 1425 591 1488 fidesl
615 1436 645 1487 et
663 1421 752 1489 ‘Vere
775 1429 853 1508 quod
877 1430 982 1509 placet,
1005 1441 1038 1492 ut
1061 1453 1120 1495 ooo

222 1510 336 1572 Acriter
359 1511 501 1573 elatrem?
523 1513 652 1592 pretium
674 1523 752 1574 aetas
775 1515 863 1574 altera
886 1508 1004 1576 sordet.³

220 1595 388 1674 Ambigitur
411 1599 479 1676 quid
504 1594 606 1657 enim?
651 1597 754 1659 Castor
775 1600 848 1660 sciat
869 1618 905 1660 ao
931 1601 1039 1662 Docilis
1061 1603 1139 1682 plus,

219 1680 408 1743 Brundisium
432 1682 543 1744 Minuci
565 1683 670 1745 melius
692 1684 736 1744 via
760 1684 847 1745 ducat
869 1703 905 1744 an
930 1687 1015 1766 Appi.
1039 1721 1081 1732 -
1180 1702 1208 1753 10

220 1765 314 1836 Quem
338 1768 478 1828 damnosa
502 1768 609 1839 Venus,
633 1786 721 1847 quem
744 1788 887 1849 praeceps
910 1771 972 1831 alea
996 1772 1095 1847 nudat,

220 1849 317 1912 Gloria
341 1871 429 1930 quem
452 1871 541 1932 supra
563 1853 633 1914 viris
656 1863 685 1915 ct
707 1855 792 1915 vestit
814 1863 844 1915 et
867 1857 959 1934 ungit,

220 1935 314 2006 Quem
337 1945 418 1998 tenet
439 1939 552 2016 argenti
575 1939 638 2000 sitis
660 1940 829 2018 importuna
852 1942 1012 2019 famesque,

219 2021 314 2092 Quem
339 2025 520 2102 paupertatis
542 2024 639 2103 pudor
662 2033 691 2085 et
713 2026 791 2104 luga,
814 2026 893 2087 dives
916 2027 1035 2101 amicus,

220 2106 314 2185 Saepe
337 2108 439 2169 decem
461 2109 537 2170 vitiis
560 2110 740 2192 instructior,
765 2111 826 2172 odit
849 2119 878 2172 et
899 2112 1002 2173 horret
1047 2125 1049 2128 ’
1177 2126 1205 2176 tu

218 2197 285 2266 Aut,
308 2193 332 2254 si
356 2213 417 2254 non
441 2194 510 2267 odit,
533 2196 611 2274 regit
632 2214 665 2256 ac
687 2197 776 2257 veluti
798 2198 846 2275 pia
868 2206 961 2258 mater

219 2277 288 2339 Plus
310 2297 397 2356 quam
421 2299 452 2340 se
474 2298 578 2358 sapere
601 2289 630 2340 et
650 2282 806 2343 virtutihus
829 2301 893 2343 esse
915 2282 1044 2363 priorem

217 2362 285 2423 Volt
306 2373 336 2423 et
357 2363 397 2424 ait
420 2382 513 2442 prope
535 2382 617 2425 vera:
638 2358 734 2426 ‘meae
757 2400 770 2410 -
794 2366 978 2427 contendere
1001 2369 1061 2428 noli
1083 2403 1097 2414 ·

216 2447 374 2508 Stultitiam
396 2448 551 2526 patiuntur
573 2467 662 2527 opes3
686 2450 737 2510 tihi
761 2451 879 2528 parvola
901 2469 950 2510 res
972 2463 1029 2511 est:

216 2537 285 2593 Arta
309 2534 394 2594 decet
415 2551 519 2594 sanum
542 2533 680 2593 comitem
704 2544 786 2612 toga3
810 2534 912 2595 desine
934 2553 1049 2595 mecum
1176 2550 1204 2600 30

217 2613 356 2679 Certare'.
400 2617 585 2696 Eutrapelus,
610 2618 786 2697 cuicumque
810 2638 918 2680 nocere
940 2620 1064 2696 volebat,

215 2702 396 2764 Vestimenta
419 2702 505 2764 dabat
527 2703 671 2782 pretiosa;
694 2702 797 2766 heatus
819 2705 897 2765 enim
921 2705 977 2764 iam

216 2786 290 2849 Cum
311 2789 443 2869 pulchris
466 2788 573 2850 tunicis
596 2799 693 2850 sumet
717 2809 790 2851 nova
813 2790 936 2851 consilia
959 2799 988 2849 et
1009 2810 1085 2870 spes,

215 2873 348 2934 Dormiet
370 2874 400 2935 in
424 2875 531 2948 lucem,
553 2883 651 2935 scorto
675 2884 835 2954 postponet
857 2877 1014 2936 honestum

216 2957 363 3032 Officium,
389 2978 525 3020 nummos
548 2961 660 3021 alienos
683 2971 792 3040 pascet,
815 2961 852 3021 ad
873 2961 965 3021 imum
1175 2973 1204 3022 35

216 3042 331 3104 Thraex
354 3046 410 3105 erit
431 3053 482 3105 aut
502 3045 638 3106 holitoris
660 3055 727 3124 aget
748 3046 884 3106 mercede
906 3045 1058 3106 caballum.
1082 3079 1123 3089 -

214 3129 363 3189 Arcanum
388 3148 485 3208 neque
508 3139 540 3191 tu
563 3130 743 3192 scrutaberis
765 3132 842 3192 illius
865 3148 1014 3209 umquam,

215 3212 463 3293 Conmissumque
485 3224 567 3293 teges
590 3225 617 3276 et
641 3217 708 3277 vino
731 3225 827 3297 tortus
851 3225 880 3276 et
901 3217 953 3276 ira.

214 3298 275 3358 Nec
298 3308 347 3360 tua
369 3296 501 3361 laudabis
524 3302 617 3362 studia
640 3311 691 3362 aut
712 3302 805 3362 aliena
828 3301 1000 3380 reprendes,

214 3383 285 3459 Nec,
309 3403 376 3445 cum
400 3386 499 3445 venari
522 3380 599 3448 volet
617 3387 678 3466 ille,
702 3397 837 3466 poemata
859 3405 979 3466 pangcs.
1175 3398 1204 3447 tu

215 3467 313 3529 Gratia
336 3471 379 3531 sic
402 3471 524 3530 lratrum
548 3463 745 3549 geminorum,
769 3473 943 3553 Amphionis
965 3482 1053 3549 atque

129 3621 318 3630 ...ρ-.-

214 3718 290 3770 XVlll
317 3737 342 3772 v.
377 3725 408 3774 15
438 3721 544 3786 rixatur]
569 3739 598 3773 o:
625 3723 722 3774 rixatus
744 3725 781 3775 Ba
808 3728 834 3775 et
855 3725 923 3775 alter
946 3721 969 3772 B
992 3721 1087 3773 rixator
1115 3722 1203 3773 Mure-

128 3790 170 3836 tus
186 3788 189 3850 l
208 3791 239 3840 16
258 3794 384 3841 armatus:
399 3783 510 3842 ‘scilicet
528 3793 556 3841 ut
573 3791 609 3842 ol.
624 3791 629 3855 Ι
647 3794 675 3842 ll
690 3790 754 3844 fides
766 3797 792 3844 et
808 3807 868 3844 rere
881 3791 915 3843 αἱ.
931 3789 936 3860 Ι
954 3793 984 3843 19
997 3788 1092 3841 Dolleis
1107 3793 1142 3854 (o)
1156 3791 1204 3843 Do-

126 3854 424 3977 lbplytlpzlpllfflplsdlsqq.
442 3862 545 3910 certare.
572 3853 901 3925 Eutrapelus-caballum.³
921 3857 973 3910 ΑΚ
995 3858 999 3925 Ι
1026 3858 1057 3909 31
1076 3858 1204 3926 illius](o)
