2656 4448
590 208 718 261 erubuit
742 211 780 261 16.

238 382 378 459 Quaeque
401 391 503 441 carent
518 372 618 441 'ventis
641 390 670 439 et
691 379 803 440 solibus
825 399 889 441 ossa
913 381 1029 452 Quirini

306 501 319 511 -
342 467 428 526 Nefas
449 465 562 525 viderel
586 499 599 509 -
623 464 775 543 dissipabit
796 465 937 528 insolens.

239 552 327 612 Forte
349 551 418 630 quid
442 551 577 628 expediat
599 550 799 610 communiter
820 560 870 609 aut
891 551 998 612 melior
1020 571 1089 632 pars

306 636 387 697 hlalis
410 654 511 696 carere
534 636 673 714 quaeritis
695 634 863 696 laboribus:

238 722 322 783 Nulla
345 722 383 781 sit
404 721 458 780 hac
480 720 579 798 potior
601 721 756 790 sententia,
779 720 982 783 Phocaeorum

305 805 391 866 Velut
413 805 545 884 profugit
567 814 715 865 exsecrata
739 804 840 866 civitas

239 892 333 969 Agros
354 901 442 969 atque
464 890 547 950 haris
568 890 678 967 patrios
700 888 916 968 habitandaque
939 891 1007 951 lana

302 975 390 1054 Apris
412 975 532 1053 reliquit
554 984 583 1034 et
605 974 761 1053 rapacibus
783 974 870 1053 lupis,

239 1060 296 1134 Ire,
319 1061 409 1140 pedes
431 1076 619 1138 quocumque
642 1060 747 1130 serent,
771 1078 959 1138 quocumque
981 1079 1035 1140 per
1056 1062 1153 1124 undas

305 1146 399 1206 Notus
419 1144 535 1204 vocabit
556 1155 606 1204 aut
628 1152 783 1223 protervus
806 1145 932 1205 Africus.
1003 1210 1007 1215 ,

247 1229 296 1291 Sic
318 1231 423 1309 placet,
446 1248 481 1289 an
506 1230 610 1290 melius
633 1230 697 1307 quis
719 1228 807 1289 habet
828 1228 973 1290 suadere?
994 1235 1125 1295 secunda

306 1316 408 1375 llatem
432 1333 578 1393 occupare
600 1314 669 1393 quid
694 1332 843 1374 moramur
866 1313 956 1375 alite?

240 1400 296 1460 Sed
319 1401 451 1460 iuremus
473 1400 501 1459 in
526 1400 613 1460 haec:
637 1400 723 1460 simul
746 1400 812 1459 imis
834 1418 901 1460 saxa
924 1401 1059 1463 renarint

306 1485 392 1545 Vadis
414 1484 515 1557 levata,
539 1504 577 1545 ne
599 1484 695 1544 redire
719 1484 756 1544 sit
779 1486 871 1557 nefas,

237 1569 301 1630 Neu
324 1588 465 1630 conversa
487 1570 607 1631 domum
629 1570 727 1650 pigeat
749 1569 818 1630 dare
841 1570 940 1644 lintea,
964 1572 1082 1648 quando

307 1655 403 1715 Padus
426 1654 533 1714 Matina
555 1655 657 1715 laverit
679 1654 842 1727 cacumina,

238 1739 271 1799 ln
294 1759 375 1800 mare
397 1758 449 1800 seu
472 1741 567 1801 celsus
589 1740 772 1818 procurrerit
794 1740 990 1818 Appenninus

301 1825 440 1903 Novaque
463 1835 594 1885 monstra
617 1825 747 1885 iunxerit
768 1824 889 1884 libidine

239 1909 330 1970 llirus
352 1928 443 1982 amor,
466 1910 545 1969 iuvet
568 1919 599 1969 ut
621 1910 705 1987 tigris
726 1908 879 1970 subsidere
901 1909 994 1970 cervis

306 1994 495 2054 Adulteretur
518 2004 547 2053 et
569 1994 703 2054 columba
725 1994 825 2066 miluo,

240 2077 362 2140 Credula
386 2096 442 2137 nec
464 2096 548 2138 ravos
570 2079 692 2139 timeant
714 2088 846 2139 armenta
867 2079 970 2139 leones

306 2163 450 2239 timetque
473 2163 547 2223 salsa
570 2164 640 2224 levis
662 2165 761 2224 hircus
783 2183 921 2241 aequora.
945 2196 986 2207 -

239 2247 319 2308 llaec
341 2256 370 2307 et
392 2265 467 2324 quae
490 2256 634 2327 poterunt
654 2249 766 2309 reditus
788 2249 962 2309 abscindere
984 2247 1078 2309 dulcis

307 2333 416 2393 Eamus
439 2333 535 2394 omnis
557 2344 706 2394 exsecrata
729 2335 828 2394 civitas

238 2417 296 2479 Aut
317 2436 385 2496 pars
407 2418 526 2478 indocili
549 2419 654 2479 melior
676 2437 779 2498 grege3
804 2418 901 2479 mollis
923 2429 953 2479 et
975 2436 1079 2497 exspes

306 2503 471 2563 inominata
493 2504 655 2583 perprimat
676 2504 799 2565 cubilia:

238 2587 305 2662 Vos,
329 2588 436 2667 quibus
458 2601 500 2648 est
523 2591 623 2663 virtus,
647 2589 819 2649 muliebrem
842 2588 935 2649 tollite
958 2588 1081 2659 luctum,

308 2673 432 2734 Etrusca
454 2684 573 2752 praeter
595 2685 624 2735 et
645 2675 739 2734 volate
761 2675 855 2734 litora.

239 2757 299 2818 Nos
320 2768 420 2818 manet
442 2758 579 2819 Oceanus
601 2760 818 2836 circumvagus:
842 2776 918 2829 arva,
942 2757 1025 2817 beata

307 2843 443 2904 Petamus
464 2863 530 2903 arva
553 2844 656 2906 divites
678 2855 707 2904 et
729 2845 849 2913 insulas,

238 2927 345 2989 Reddit
366 2929 416 2989 ubi
440 2928 575 2990 Cererem
598 2930 685 2990 tellus
707 2930 817 2990 inarata
841 2927 1002 3006 quotannis

305 3012 343 3072 Et
365 3013 506 3091 imputata
528 3015 613 3075 lloret
636 3033 729 3093 usque
750 3014 844 3085 vinea,

167 3105 197 3154 to
240 3095 391 3157 Germinat
413 3108 442 3157 et
466 3117 624 3177 numquam
648 3100 776 3160 fallentis
798 3110 907 3159 termes
929 3097 1020 3155 olivae

307 3182 455 3259 Suamque
478 3184 556 3261 pulla
578 3187 651 3246 ficus
673 3197 759 3245 ornat
781 3183 926 3251 arborem,

240 3263 324 3325 hlella
347 3284 415 3325 cara
436 3278 557 3328 manant
579 3288 614 3329 ex
636 3270 712 3339 ilice,
735 3269 886 3329 montibus
908 3267 973 3326 altis

307 3351 391 3411 Levis
413 3364 553 3432 crepante
576 3355 692 3434 lympha
716 3354 812 3415 desilit
834 3355 917 3433 pede.

155 3485 320 3492 ——.-
324 3488 355 3492 -.

240 3549 296 3602 xvt
313 3569 337 3603 u.
357 3555 389 3605 14
406 3553 488 3604 uideri
505 3577 538 3596 =
557 3556 592 3604 150
623 3555 626 3620 Ι
656 3558 686 3606 15
711 3553 779 3620 quod
804 3552 840 3621 Ιυ)
864 3553 869 3620 Ι
892 3552 984 3618 ·quod
1004 3550 1146 3618 expediat·
1163 3550 1232 3602 Ituc-

149 3622 260 3685 gersius
278 3620 411 3674 bulsen.
431 3638 452 3673 c.
471 3621 504 3673 lll
520 3639 547 3687 p.
567 3625 687 3688 29tlsqq.‚
704 3623 792 3673 Beati.
809 3625 870 3687 adn.
892 3623 897 3687 Ι
918 3624 948 3673 tt
969 3619 1055 3671 terunt
1075 3620 1080 3684 Ι
1099 3621 1131 3671 22
1149 3633 1230 3670 uoca-

154 3689 193 3739 uit
211 3690 247 3752 (c)
263 3689 267 3753 Ι
283 3691 314 3739 2ἵ
334 3688 446 3756 quando]
471 3696 497 3741 et
518 3694 580 3752 (om.
597 3691 728 3755 Flet-iac.)
753 3698 812 3743 ante
831 3691 940 3742 Seruius
964 3688 1001 3738 ad
1018 3688 1084 3739 Aen.
1101 3686 1135 3737 itt
1153 3689 1205 3740 403
1224 3685 1230 3754 Ι

154 3758 406 3819 aanv0s1=15⁰=
432 3757 513 3808 ssanos
537 3775 552 3808 u
575 3757 660 3810 fuluos
686 3762 719 3823 tu)
743 3774 835 3811 saeuos
853 3761 889 3823 (u)
906 3763 954 3808 etc.
978 3755 983 3822 Ι
1008 3758 1041 3808 36
1069 3755 1161 3819 omnis]
1180 3757 1231 3820 (viz

153 3839 244 3875 omnes
270 3829 274 3881 l
299 3829 330 3879 41
350 3842 409 3877 arra
429 3826 512 3885 beata,
531 3833 648 3892 petamus
666 3843 725 3879 arra
745 3828 781 3881 al.
808 3831 813 3893 Ι
840 3830 873 3878 48
890 3830 999 3878 sonante
1021 3823 1078 3874 Ter.
1097 3823 1187 3875 Mater.
1205 3839 1233 3879 v.

155 3894 222 3944 2958
237 3902 242 3955 Ι
257 3892 351 3945 dissilit
371 3895 429 3945 Tor.
448 3892 562 3944 Maurus
