2656 4448
494 231 681 286 SA'l'lRARUltl
700 233 709 284 l
730 237 770 286 10.

644 405 670 464 x

207 522 322 607 [Lucili
345 542 433 602 quam
456 524 496 585 sis
517 524 689 597 mendosus,
712 533 785 585 teste
809 522 920 584 Catone

206 610 370 670 defensore
393 619 444 669 tuo
468 610 647 688 pervincum,
670 608 722 687 qui
745 609 818 670 male
841 611 934 670 factos

147 759 150 764 Α
206 694 372 756 Emendare
395 705 478 774 parat
501 712 612 767 versus,
635 695 692 754 hcc
715 694 812 756 lenius
834 694 892 766 ille,

206 780 272 850 Quo
294 779 399 839 melior
422 780 465 838 vir
487 788 516 838 et
538 788 583 839 est
603 780 693 858 longe
715 779 852 839 subtilior
873 779 932 848 ilio,

206 865 264 935 Qui
285 864 411 924 multum
434 881 560 944 puerum
583 874 627 925 est
648 863 720 924 loris
743 873 772 924 et
793 863 915 924 funibus
936 864 1003 925 udis
1168 867 1194 922 5¹

206 949 397 1023 Exhortatus,
419 959 453 1009 ut
476 959 553 1010 esset
576 968 661 1029 opem
686 950 737 1027 qui
759 951 837 1010 ferre
860 950 955 1028 poetis

206 1034 342 1113 Antiquis
365 1044 465 1113 posset
486 1042 590 1094 contra
613 1034 728 1095 fastidia
751 1043 861 1108 nostra,

207 1119 472 1179 Grammaticorum
495 1120 626 1197 equitum
650 1119 845 1180 doctissimus.
883 1118 921 1180 Ut
942 1117 1060 1178 redeam
1082 1118 1173 1196 illuc]

207 1205 320 1282 Nempe
341 1204 540 1283 incomposito
564 1205 622 1264 dixi
645 1205 719 1283 pede
742 1223 863 1264 currere
884 1222 986 1264 versus

206 1289 310 1350 Lucili.
355 1288 429 1359 Quis
450 1297 510 1349 tam
533 1289 628 1349 Lucili
651 1290 749 1350 fautor
772 1291 872 1368 inepte
896 1298 948 1362 est,

207 1374 246 1434 Ut
267 1393 329 1434 non
354 1375 411 1434 hoc
434 1372 581 1434 fateatur?
603 1384 633 1434 at
655 1374 742 1447 idem,
765 1375 843 1452 quod
867 1373 925 1435 sale
949 1374 1041 1434 multo

207 1458 318 1519 Urbem
341 1459 487 1530 defricuit,
510 1460 610 1519 charta
632 1459 766 1519 laudatur
789 1458 899 1519 eadem.

207 1543 269 1604 Nec
284 1552 381 1604 tamen
399 1544 456 1603 hoc
472 1544 608 1604 tribuens
623 1544 752 1604 dederim
769 1563 888 1622 quoque
903 1553 1017 1616 cetera;
1034 1541 1160 1603 namsia
1181 1553 1195 1601 5

209 1628 247 1689 Et
272 1628 377 1688 Laberi
400 1629 506 1690 mimos
529 1638 562 1688 ut
586 1629 707 1707 pulchra
730 1637 864 1708 poemata
887 1629 987 1688 mirer.

207 1713 285 1792 Ergo
310 1732 371 1773 non
394 1715 462 1775 satis
485 1723 538 1786 est,
561 1714 622 1775 risu
644 1713 782 1774 diducere
804 1715 911 1774 rictum

206 1799 369 1873 Auditoris;
393 1808 422 1859 et
445 1808 490 1860 est
513 1799 655 1877 quaedam
677 1809 776 1859 tamen
799 1799 847 1859 hic
870 1816 989 1877 quoque
1011 1795 1112 1866 virtus,

207 1883 260 1944 Est
280 1884 422 1944 brevitate
446 1903 529 1964 opus,
554 1895 586 1944 ut
608 1894 707 1945 currat
728 1884 875 1946 sententia
898 1902 955 1943 neu
980 1900 1011 1943 se

206 1968 349 2048 Impediat
370 1969 467 2030 verbis
491 1970 580 2030 lassas
603 1970 797 2030 onerantibus
820 1969 907 2041 auris,
1168 1973 1197 2023 1⁰

207 2053 245 2113 Et
266 2071 405 2114 sermone
428 2074 503 2133 opus
526 2064 570 2116 est
592 2055 680 2116 modo
702 2056 788 2127 tristi,
812 2073 900 2134 saepe
923 2054 1033 2122 iocoso,

206 2138 392 2199 defendente
413 2141 506 2200 vicem
529 2141 617 2200 modo
640 2141 768 2202 rhetoris
790 2150 878 2219 atquc
901 2148 1014 2218 poetae,

208 2223 362 2284 Interdum
384 2225 492 2286 urbani
515 2227 664 2304 parcentis
686 2226 798 2287 viribus
820 2235 908 2303 atque

207 2307 403 2370 Extenuantis
425 2329 474 2371 eas
497 2311 642 2371 consulto.
687 2310 854 2371 Ridiculum
876 2311 936 2369 acri

208 2393 326 2453 fortius
349 2405 378 2453 et
399 2395 504 2455 melius
527 2413 647 2471 magnas
669 2394 844 2473 plerumque
867 2404 947 2454 secat
969 2411 1025 2452 res.
1169 2399 1197 2450 15

208 2477 261 2549 lui,
285 2479 394 2556 scripta
417 2479 525 2557 quibus
548 2479 698 2539 comoedia
721 2480 818 2558 prisea
840 2479 908 2538 viris
931 2487 985 2546 est,

210 2563 276 2621 Hoc
298 2562 424 2637 stabant,
448 2564 505 2623 hoc
528 2572 598 2623 sunt
620 2563 762 2637 imitandi,
786 2582 861 2641 quos
884 2580 981 2639 neque
1003 2560 1127 2639 pulcher

211 2647 413 2724 Hermogenes
435 2667 575 2726 umquam
598 2648 669 2726 legit
691 2667 788 2726 neque
811 2647 912 2708 simius
935 2648 989 2706 iste

209 2731 255 2791 Nil
278 2742 396 2810 practer
419 2732 536 2793 Calvum
561 2743 590 2793 et
612 2733 716 2794 doctus
739 2742 858 2793 cantare
881 2730 1034 2792 Catullum.

207 2811 257 2876 ‘At
278 2835 419 2895 magnum
442 2817 521 2890 fecit,
544 2819 622 2896 quod
645 2819 742 2879 verbis
765 2818 875 2878 Graeca
898 2814 1009 2876 Latinis
1171 2821 1199 2871 tt

210 2897 347 2962 Miscuit'.
392 2903 415 2963 0
439 2903 497 2964 seri
519 2905 692 2977 studiorum,
716 2904 807 2982 quine
829 2902 938 2980 putetis

212 2987 335 3047 Difficile
358 2997 387 3049 et
408 2990 525 3060 mirum,
551 2988 665 3048 Rhodio
689 2988 767 3066 quod
790 2985 968 3047 Pitholeonti

211 3071 362 3151 Contigit?
403 3066 454 3134 ‘At
476 3092 573 3133 sermo
596 3074 697 3151 lingua
720 3074 887 3133 concinnus
911 3081 1034 3146 utraque

211 3156 344 3231 Suavior‚
365 3167 398 3218 ut
420 3159 492 3219 Chio
515 3168 584 3219 nota
607 3159 632 3219 si
654 3159 802 3218 conmixta
824 3156 940 3216 Falerni
963 3147 1023 3216 est’

212 3241 285 3301 Cum
307 3261 409 3304 versus
430 3244 528 3315 facias,
551 3245 699 3323 teipsum
722 3252 892 3321 percontor,
917 3261 953 3301 an
978 3250 1007 3299 et
1029 3257 1096 3301 cum
1171 3246 1199 3295 25

212 3440 234 3490 ll
252 3458 277 3493 o.
292 3445 381 3495 1¹-8·
394 3446 471 3493 unus
483 3445 580 3494 inclusi
593 3460 652 3495 cum
664 3443 791 3496 HVMAK
800 3461 817 3493 a
829 3444 963 3506 Laudine,
980 3441 1051 3492 Aldu
1068 3438 1201 3500 Munatio,

127 3509 268 3575 namucno,
283 3511 424 3576 permultis
442 3511 503 3561 alfia
522 3516 638 3575 omissos,
659 3513 851 3573 condemnatos,
870 3512 1056 3561 addubitatoc:
1075 3508 1201 3556 exuerent

127 3578 171 3642 (υ),
191 3592 240 3627 ⁰⁷11·
259 3594 274 3628 v
290 3582 293 3643 Ι
310 3581 337 3631 3·
356 3579 418 3630 ,lloc
430 3579 465 3631 al.
482 3580 486 3642 Ι
501 3581 530 3630 4·
548 3588 588 3631 est
606 3596 657 3646 quo
671 3581 710 3631 uir
722 3581 812 3632 melior
824 3583 851 3628 et
862 3594 912 3645 quo
925 3578 1015 3628 melior
1027 3576 1066 3626 uir
1078 3578 1118 3626 est
1132 3578 1180 3624 etc.
1195 3569 1200 3641 Ι

128 3647 156 3696 5·
173 3661 210 3708 aq.
231 3661 335 3710 puerum
361 3653 400 3698 est
422 3647 639 3710 ...exhortatus1
660 3649 774 3700 Wiesz'ur
792 3665 808 3698 a
828 3648 1035 3699 Wueatemanno
1062 3643 1199 3702 laudatum

127 3711 263 3777 Reisigiua
280 3715 364 3780 (apud
376 3714 686 3776 Wuerlem.-Hea'acdorf.²
714 3719 788 3779 1843)
814 3717 844 3765 in
861 3715 957 3764 sedulis
975 3730 999 3766 a.
1020 3713 1085 3764 1828
1103 3712 1201 3760 dabitis

127 3782 161 3844 (v.
180 3796 206 3845 p.
226 3780 303 3846 XIVJ:
320 3797 385 3848 puer
403 3790 448 3834 et.
463 3784 650 3835 ..exhortatus
668 3784 698 3846 (r.
717 3788 850 3835 exortatus
867 3800 887 3833 s.
907 3783 1036 3845 exoratus)
1055 3780 1120 3829 libri
1140 3792 1201 3842 pue-

128 3857 302 3983 {pmffles}
316 3851 432 3983 portatus
451 3849 534 3918 H-Pl
559 3867 581 3900 v.
602 3853 617 3902 2
641 3851 721 3917 inepti
740 3853 776 3915 (o)
799 3852 803 3909 Ι
829 3855 922 3903 buum
947 3851 950 3915 Ι
977 3851 1007 3901 13
1026 3847 1121 3899 urbane
1139 3844 1200 3911 (o)l

179 3917 275 3982 putatis
302 3934 317 3968 o
