2656 4448
550 233 591 285 lili
611 232 697 285 ARTE
715 233 861 287 rosires.

256 408 288 468 Si
309 426 439 487 possum,
462 407 605 483 invideor‚
628 424 695 467 cum
718 407 818 486 lingua
841 406 960 467 Catonis
982 417 1012 467 et
1033 405 1112 467 Enni

257 493 430 553 Sermonem
453 493 581 572 patrium
604 491 739 552 ditaverit
761 502 789 552 et
812 510 886 552 nova
909 509 1008 552 rerum

256 577 381 637 Nomina
403 575 582 657 protulerit?
604 577 687 638 licuit
709 595 885 656 semperque
906 576 1007 638 licebit

256 663 411 742 Signatum
433 672 589 742 praesente
613 670 682 722 nota
704 663 869 740 producere
893 679 1013 722 nomen.

257 748 295 809 Ut
317 748 404 808 silvae
426 748 502 810 foliis
524 766 637 827 pronos
659 755 812 807 mutantur
834 747 863 806 in
888 765 993 819 annos,

255 833 352 894 Prima
375 833 494 907 cadunt,
516 834 556 894 ita
577 832 736 893 verborum
759 841 843 892 vetus
865 831 966 892 interit
987 840 1076 906 aetas,

256 917 293 978 Et
315 918 454 978 iuvenum
476 919 535 978 ritu
557 918 665 978 florent
687 916 775 977 modo
798 926 865 977 nata
887 916 1056 995 vigentque.

255 1002 404 1064 Debemur
426 1003 513 1063 morti
536 1022 591 1063 nos
614 1011 784 1081 nostraque.
829 1002 895 1062 Sive
917 1009 1055 1081 receptus

256 1088 347 1148 Terra
369 1089 525 1166 Neptunus
546 1088 646 1148 classis
668 1086 864 1165 Aquilonibus
887 1096 975 1159 arcet,

186 1188 195 1201 ·
255 1172 343 1251 Regis
367 1191 452 1251 opus,
474 1172 616 1234 sterilisve
640 1172 723 1251 palus
745 1172 795 1232 diu
818 1180 944 1250 aptaque
967 1172 1057 1232 remis

199 1313 201 1318 s
255 1257 373 1319 Vicinas
395 1257 477 1318 urbis
499 1257 550 1318 alit
572 1267 602 1318 et
622 1275 709 1337 grave
732 1257 822 1318 sentit
843 1265 981 1328 aratrum,

256 1344 314 1404 Seu
337 1361 458 1403 cursum
480 1344 601 1404 mutavit
622 1343 757 1421 iniquum
780 1341 914 1421 frugibus
937 1341 1040 1413 amnis,

255 1428 366 1489 Doctus
388 1428 444 1488 iter
466 1428 586 1490 melius:
610 1428 743 1488 mortalia
766 1427 841 1487 iacta
863 1426 1014 1506 peribunt,

254 1514 369 1574 Nedum
391 1531 561 1574 sermonum
585 1522 642 1575 stet
663 1513 761 1573 honos
783 1521 812 1572 et
833 1512 924 1589 gratia
946 1511 1037 1572 vivax.

255 1598 345 1658 Multa
368 1607 564 1660 renascentur
586 1616 661 1676 quae
683 1598 739 1658 iam
763 1597 908 1670 cecidere,
930 1596 1096 1674 cadentque

256 1683 338 1754 Quae
361 1701 442 1743 nunc
464 1691 535 1744 sunt
555 1683 586 1743 in
609 1684 724 1743 honore
746 1682 896 1754 vocabula,
919 1683 943 1742 si
965 1681 1044 1742 volet
1067 1699 1145 1755 usus,

258 1768 353 1839 Quem
374 1787 468 1846 penes
491 1768 645 1829 arbitrium
668 1776 713 1829 est
734 1776 764 1828 et
785 1768 831 1828 ius
854 1777 883 1828 et
904 1784 1008 1826 norma
1030 1765 1181 1843 loquendi.
1201 1799 1244 1810 -

255 1853 314 1914 Res
335 1863 434 1930 gestae
456 1871 621 1932 regumque
643 1853 811 1931 ducumque
833 1862 863 1912 et
884 1851 978 1911 tristia
1002 1849 1077 1910 bella

255 1937 322 2008 Quo
345 1937 436 1998 scribi
459 1947 581 2017 possent
603 1956 738 2010 numero,
761 1936 936 1997 monstravit
958 1935 1114 1996 Homerus.

255 2021 395 2083 Versibus
418 2022 569 2101 impariter
590 2022 698 2083 iunctis
720 2020 904 2101 querimonia
927 2020 1065 2098 primum,

256 2107 326 2166 Post
347 2106 433 2165 etiam
456 2106 570 2166 inclusa
592 2115 637 2167 est
658 2106 717 2167 voti
738 2105 884 2167 sententia
906 2122 1045 2184 comp0s;

255 2190 328 2261 Quis
349 2199 448 2250 tamen
472 2191 593 2269 exiguos
616 2191 715 2269 elegos
738 2190 868 2251 emiserit
889 2198 1002 2262 auctor,

255 2274 442 2336 Grammatici
465 2284 581 2336 certant
603 2285 633 2336 et
655 2276 751 2336 adhuc
773 2275 830 2336 suh
852 2275 949 2336 iudice
971 2275 1007 2336 lis
1029 2282 1082 2334 est.

254 2361 462 2421 Archilochum
484 2361 608 2439 proprio
631 2361 727 2422 rabies
748 2361 870 2422 armarit
893 2360 1005 2435 iamho;

254 2446 343 2506 Hune
366 2445 445 2508 socci
467 2463 574 2526 cepere
596 2447 702 2526 pedem
725 2447 910 2526 grandesque
934 2444 1072 2507 cothurni

254 2532 383 2593 Alternis
405 2540 506 2610 aptum
529 2532 718 2592 sermonibus
740 2541 769 2592 et
790 2531 943 2611 popularis

253 2616 428 2677 Vincentem
452 2617 592 2694 strepitus
615 2626 644 2677 et
666 2626 769 2678 natum
792 2616 882 2678 rebus
905 2616 1035 2696 agendis.

254 2701 339 2762 Musa
358 2701 439 2762 dedit
459 2700 567 2763 fidibus
589 2702 671 2763 diros
692 2720 860 2781 puerosque
882 2702 1005 2762 deorum

254 2785 292 2846 Et
313 2786 443 2865 pugilem
464 2786 606 2847 rictorem
629 2796 659 2847 et
681 2804 790 2864 equum
813 2786 974 2847 certamine
997 2784 1126 2864 primum

255 2870 293 2930 Et
314 2871 454 2931 iuvenum
477 2889 563 2932 ouras
585 2880 615 2932 et
636 2871 727 2932 libera
749 2872 817 2931 vina
839 2874 960 2932 referre.

255 2955 423 3035 Descriptas
445 2974 562 3017 servare
583 2957 663 3017 vices
685 2973 869 3036 operumque
891 2956 1006 3016 colores

254 3039 313 3101 Cur
335 3059 390 3121 ego
413 3040 436 3101 si
459 3058 577 3119 nequeo
599 3041 765 3120 ignoroque
786 3051 873 3120 poeta
896 3036 1029 3102 salntorl

256 3125 314 3186 Cur
337 3125 453 3186 nescire
475 3125 591 3204 pudens
612 3145 701 3205 prave
723 3144 812 3205 quam
834 3126 948 3187 discere
969 3121 1069 3185 malo‘l
1091 3156 1133 3168 -

254 3209 395 3272 Versibus
417 3212 526 3290 exponi
547 3211 667 3290 tragicis
690 3230 737 3272 res
759 3210 872 3272 comica
896 3229 957 3271 non
979 3209 1056 3284 volt3

168 3315 198 3365 90
256 3295 433 3374 Indignatur
453 3296 523 3357 item
546 3296 666 3376 privatis
688 3315 723 3358 ac
745 3313 840 3376 prope
861 3313 951 3356 socco

255 3380 358 3459 ilignis
380 3380 560 3443 carminibus
583 3382 697 3442 narrari
719 3399 792 3441 cena
816 3380 975 3461 Thyestae;

254 3465 375 3544 Singula
397 3483 532 3546 quaeque
553 3466 651 3526 locum
675 3474 798 3527 teneant
818 3466 922 3528 sortita
943 3467 1109 3526 decentem.
1192 3524 1193 3529 ,

168 3584 371 3596 ——-=

254 3667 278 3704 v.
298 3653 329 3704 59
348 3648 489 3717 procudere
506 3651 555 3717 (o);
577 3649 679 3702 Frane.
697 3649 834 3714 Loa'sinuo,
852 3649 903 3700 olii
919 3665 962 3714 op.
982 3648 1068 3699 Bentl.
1088 3646 1092 3711 Ι
1112 3659 1246 3698 nummum

167 3718 304 3781 Letalem,
323 3718 409 3771 Βοιαὶ
436 3719 441 3785 Ι
468 3721 500 3772 63
519 3717 644 3770 debemus
662 3719 697 3784 (v)
720 3717 726 3786 Ι
753 3719 785 3771 65
804 3718 951 3785 sterilisque
977 3715 982 3782 l
1008 3715 1082 3783 palos
1100 3713 1153 3778 din]
1171 3714 1193 3768 1.
1204 3713 1243 3766 Μ.

170 3786 313 3838 demorato:
340 3786 382 3838 diu
409 3787 483 3853 palus
504 3803 520 3838 υ
545 3783 590 3852 (cf.
616 3787 804 3839 revocemus
831 3802 894 3840 ann.
921 3785 991 3850 phil.
1014 3785 1045 3836 61
1067 3799 1094 3848 p.
1118 3784 1151 3835 46
1183 3782 1245 3833 coll.

164 3870 202 3989 p.)
212 3857 248 3974 43
258 3857 324 3921 sqq.)
342 3854 418 3921 palus
435 3855 506 3922 prius
523 3854 610 3909 Bentl.
626 3856 631 3922 1
647 3856 678 3907 65
698 3862 791 3921 apuue
807 3854 811 3922 Ι
827 3855 859 3907 72
878 3854 917 3907 nis
928 3855 964 3919 (v)
980 3853 985 3920 Ι
1000 3854 1033 3906 92
1051 3849 1247 3914 decentem113⁶

178 3938 214 3973 o:
250 3928 352 3976 eeenter
