2656 4448
128 217 190 279 208

129 657 159 708 db

508 214 737 269 EPISTULARUM
755 216 764 269 l
784 218 823 270 1⁸.

214 391 304 464 Zethi,
328 390 461 464 dissiluit,
484 390 580 450 donec
602 397 738 469 suspecta
761 406 862 449 severo

215 474 363 536 Conticuit
385 474 456 555 lyra.
502 473 653 535 Fraternis
675 473 797 535 cessisse
820 482 941 551 putatur

216 561 346 622 Moribus
369 558 533 640 Amphion:
556 567 589 619 tu
612 559 683 619 cede
706 558 836 638 potentis
857 557 944 619 amici

216 644 348 707 Lenibus
370 644 503 724 imperiis
525 643 724 722 quotiensque
746 644 850 705 educet
872 642 900 704 in
925 662 1011 722 agros

216 731 336 792 Aetoliis
359 738 479 791 onerata
500 729 594 809 plagis
617 729 747 790 iumenta
769 729 918 808 canisque,

217 815 312 895 Surge
335 824 364 876 et
385 816 564 876 inhumanae
586 814 703 875 senium
725 813 841 893 depone
864 814 1018 888 Camenae,

218 899 312 961 Cenes
335 909 367 960 ut
388 900 499 980 pariter
521 899 673 979 pulmenta
695 899 847 960 laboribus
870 909 984 977 empta:

217 985 358 1046 Romanis
380 985 523 1047 sollemne
545 984 614 1045 viris
637 1002 722 1063 opus,
744 984 814 1045 utile
837 985 930 1045 lamae

217 1071 358 1149 Vitaeque
381 1081 410 1131 et
432 1069 581 1142 membris,
603 1069 777 1147 praesertim
800 1087 866 1129 cnm
890 1070 984 1131 valeas
1006 1080 1035 1132 et

219 1156 271 1216 Vel
293 1174 382 1217 cursu
406 1173 546 1234 superare
568 1172 673 1215 canem
695 1153 740 1215 vel
764 1153 874 1216 viribus
895 1172 1001 1234 aprum

219 1241 326 1302 Possis.
370 1241 451 1301 Adde
473 1240 564 1301 virilia
588 1239 667 1317 quod
689 1238 850 1317 speciosius
873 1258 952 1300 arma

219 1325 285 1386 Non
309 1326 425 1405 estqui
448 1333 570 1399 tractet3
593 1324 660 1396 scis,
685 1341 743 1401 quo
767 1322 895 1386 clamore
917 1342 1047 1386 coronae

220 1410 334 1472 Proelia
357 1411 503 1472 sustineas
525 1408 713 1490 campestria;
737 1408 865 1487 denique
887 1428 1000 1470 saevam

220 1495 350 1556 Militiam
373 1515 449 1575 puer
471 1504 500 1557 et
522 1494 693 1556 Cantabrica
717 1492 792 1555 bella
815 1494 905 1556 tulisti

220 1580 281 1645 Sub
305 1579 388 1654 duce,
413 1581 463 1660 qui
486 1580 602 1659 templis
625 1579 801 1640 Parthorum
824 1579 908 1658 signa
930 1581 1027 1659 religit

220 1667 306 1727 Nunc
329 1676 366 1741 ct,
390 1666 485 1744 siquid
509 1666 602 1740 abest,
624 1664 703 1726 habs
725 1663 872 1725 adiudicat
893 1665 991 1726 armis.

220 1754 262 1811 dc
284 1770 323 1813 ne
345 1761 375 1812 te
397 1751 529 1812 retrahas
551 1759 580 1811 et
602 1748 810 1811 inexcusabilis
832 1750 920 1821 absis,

222 1836 359 1905 Quamvis
382 1837 424 1898 nil
446 1845 526 1898 extra
548 1852 706 1897 numerum
729 1834 833 1896 fecisse
855 1836 1035 1914 modumque

221 1920 320 1996 Curas,
343 1921 492 1983 interdum
517 1921 636 1999 nugaris
658 1938 728 1980 rure
751 1929 890 1999 paterno:

221 2006 350 2067 Partitur
371 2007 468 2069 lintris
490 2006 643 2079 exercitus,
667 2005 749 2066 Actia
772 2022 871 2085 pugna

222 2090 263 2150 Te
287 2092 361 2151 duce
383 2109 437 2170 per
459 2109 569 2170 pueros
590 2089 689 2152 hostili
712 2108 793 2150 more
817 2092 953 2163 refertur,

223 2176 411 2237 Adversarius
434 2184 477 2237 est
499 2176 597 2248 frater,
620 2175 700 2236 lacus
724 2174 841 2250 hadria,
864 2175 959 2237 donec

223 2260 405 2322 Alterutrum
427 2261 511 2321 velox
533 2260 660 2320 Victoria
682 2261 789 2321 fronde
812 2269 963 2326 coronet„

223 2346 398 2408 Consentire
420 2346 482 2408 suis
504 2345 607 2407 studiis
629 2345 680 2423 qui
703 2345 861 2406 crediderit
882 2354 921 2420 te,

224 2432 334 2494 Fautor
356 2441 483 2510 utroque
504 2441 588 2492 tuum
611 2430 740 2491 laudabit
762 2431 869 2511 pollice
892 2431 1003 2493 ludum.
1027 2466 1069 2476 —

226 2517 364 2578 Protinus
386 2528 419 2579 ut
442 2534 578 2578 moneam
601 2550 615 2561 ·
638 2515 734 2594 siquid
758 2516 913 2578 monitoris
935 2535 1004 2595 eges
1027 2528 1059 2577 tu
1082 2553 1106 2592 -,

225 2602 302 2672 Quid
324 2603 360 2662 de
384 2620 503 2680 quoque
526 2602 588 2662 viro
611 2610 641 2663 et
662 2601 710 2662 oui
733 2601 820 2676 dicas,
843 2620 931 2680 saepe
953 2601 1059 2663 videto.

225 2687 466 2748 Percontatorem
490 2687 599 2766 fugit03
623 2705 690 2747 nam
714 2686 849 2764 garrulus
871 2686 947 2747 idem
971 2695 1025 2760 est,

139 2782 152 2801 ⁹
224 2771 284 2834 Nec
307 2773 438 2834 retinent
459 2774 575 2851 patulae
598 2771 745 2833 conmissa
766 2772 892 2833 fideliter
913 2790 1000 2834 aures

142 3632 170 3682 80

226 2856 264 2918 Et
285 2858 375 2918 semel
398 2857 536 2919 emissum
559 2857 637 2917 volat
658 2856 855 2918 inrevocabile
877 2855 1008 2918 verbum.

227 2941 292 3003 Non
316 2943 420 3004 ancilla
443 2953 527 3007 tuum
550 2942 632 3002 iecur
654 2943 766 3003 ulceret
787 2942 845 3002 ulla
868 2960 979 3021 puerve

226 3027 307 3088 lntra
330 3046 528 3090 marmoreum
552 3027 711 3088 venerandi
733 3026 823 3088 bmen
847 3026 941 3100 amici,

226 3113 269 3173 Ne
292 3113 430 3174 dominus
452 3113 537 3192 pueri
559 3112 676 3191 pulchri
699 3130 818 3173 caraeve
841 3111 956 3192 puellae

228 3197 350 3258 Munere
373 3208 402 3259 te
425 3217 514 3277 parvo
538 3198 606 3258 beet
628 3206 678 3257 aut
700 3198 906 3258 incommodus
928 3206 1026 3275 angat.

228 3281 350 3352 Qualem
375 3283 576 3355 commendes,
600 3282 686 3342 etiam
709 3290 797 3360 atque
819 3283 907 3344 etiam
928 3282 1062 3362 adspice,
1086 3301 1125 3344 ne
1147 3300 1216 3344 mox

228 3367 377 3427 lncntiant
398 3368 493 3430 aliena
515 3367 568 3429 tibi
591 3375 710 3446 peccata
732 3368 886 3445 pudorem.

228 3450 368 3512 Fallimur
389 3463 419 3514 et
442 3453 590 3531 qnondam
615 3471 675 3513 non
699 3452 822 3532 dignum
844 3453 1002 3514 tradimus:
1027 3471 1097 3534 ergo

229 3537 323 3608 Quem
346 3557 398 3599 sua
422 3538 506 3618 culpa
530 3547 646 3617 premet
668 3537 809 3618 deceptus
832 3539 934 3600 omitte
956 3539 1041 3612 tueri,

227 3622 266 3683 Ut
287 3624 406 3703 penitus
429 3633 542 3696 notum,
566 3623 589 3683 si
613 3631 759 3702 temptent
781 3624 914 3698 crimina,
937 3642 1035 3685 serves

228 3841 340 3894 lllllllu.
351 3844 384 3895 46
402 3840 499 3894 Aeoliis
510 3842 546 3906 (o)
561 3842 661 3895 Vlitim
679 3843 716 3894 ad
730 3842 814 3896 Gratt
830 3843 929 3910 Cyneg.
947 3859 972 3894 υ.
991 3844 1024 3895 35
1040 3842 1044 3907 Ι
1060 3843 1092 3894 bl
1110 3844 1143 3909 (si
1155 3840 1217 3911 qnid

144 3911 277 3964 monitoris
296 3913 365 3978 eges)
384 3914 412 3962 tu
429 3908 479 3961 All
