2656 4448
176 239 236 297 150
572 238 761 293 serrantium
779 242 788 292 l
809 246 847 296 to.

262 415 339 473 llura
363 413 414 472 tihi
439 414 604 491 peragenda
628 415 670 474 rei
693 415 730 473 sit
754 433 839 474 carisa
864 413 983 475 Petilli?

260 500 377 560 Scilicet
400 498 507 558 oblitos
530 500 700 576 patriaeque
723 500 873 576 patrisque
896 500 1001 573 Latini,

261 584 332 644 Cum
356 584 463 643 Pedius
486 602 588 644 causas
612 585 734 644 exsudet
757 585 904 663 Poplicola
927 595 1014 664 atque

260 669 413 741 Corvinus,
437 670 539 747 patriis
561 669 764 729 intermiscere
788 671 878 748 petita

259 754 352 813 Verba
376 754 447 814 loris
470 754 561 819 malis,
586 753 725 814 Canusini
749 773 831 814 more
856 752 1016 832 bilinguis?

259 841 354 917 Atque
377 858 432 917 ego
455 858 522 898 cum
547 837 674 898 Graecos
698 841 832 909 lacerem,
859 849 944 901 natus
968 859 1047 901 mare
1070 843 1153 915 citra,

259 924 434 994 Versiculos,
457 925 546 983 vetuit
573 925 689 983 metali
712 944 783 984 voce
807 925 958 997 Quirinus

259 1010 329 1069 l‘ost
351 1009 474 1069 mediam
500 1019 616 1069 noctem
639 1009 728 1080 visus,
752 1028 818 1069 cum
842 1013 956 1071 somnia
979 1030 1063 1071 vera:

257 1088 303 1154 ‘ln
328 1096 426 1154 silvanr
452 1113 511 1153 non
535 1095 613 1170 ligna
638 1096 714 1154 feras
737 1095 869 1155 insanius
892 1115 925 1155 ac
948 1097 972 1156 si

262 1179 382 1257 Magnas
405 1179 584 1239 Graecorum
610 1180 691 1239 malis
715 1181 836 1258 implere
860 1172 1007 1242 catervas’
1034 1215 1075 1225 -

261 1266 408 1342 Turgidus
430 1265 554 1343 Alpinus
577 1265 687 1342 iugulat
710 1267 778 1324 dum
802 1265 959 1325 Memnona
983 1267 1113 1343 dumque

259 1350 393 1427 Dil'hngit
415 1349 510 1409 Rheni
535 1350 646 1409 luteum
672 1361 768 1428 caput,
792 1351 865 1410 haec
888 1371 942 1429 ego
966 1351 1045 1423 ludo,

260 1434 341 1505 Quae
365 1454 461 1512 neque
485 1436 514 1494 in
539 1435 608 1494 aede
632 1445 741 1494 sonent
764 1437 906 1496 certantia
930 1437 1025 1496 iudice
1049 1437 1145 1515 Tarpa

259 1521 320 1580 Nec
343 1521 465 1580 redeant
487 1520 594 1580 iterum
617 1530 704 1597 atque
728 1521 834 1579 iterum
857 1521 1016 1600 spectanda
1040 1522 1171 1583 theatris

260 1609 369 1684 Arguta
393 1606 548 1665 meretrice
572 1617 656 1683 potes
678 1607 817 1683 Davoque
841 1606 996 1666 Chremeta

258 1690 403 1751 Eludente
426 1709 528 1752 senem
552 1691 643 1750 comis
665 1692 777 1767 garrire
800 1691 913 1751 libellos

258 1776 341 1837 Unus
364 1777 503 1847 vivorum,
529 1776 679 1849 Fundani3
704 1776 795 1836 Pollio
820 1795 920 1854 regum

260 1861 347 1921 Facta
371 1863 450 1921 canit
472 1861 546 1939 pede
570 1872 615 1921 ter
637 1879 794 1939 percusso;
818 1863 893 1921 torte
917 1882 988 1939 epos
1011 1880 1088 1936 acer,

263 1945 298 2005 Ut
322 1965 419 2018 nemo,
443 1946 547 2005 Varius
570 1947 665 2018 ducit3
690 1947 776 2005 molle
800 1956 888 2024 atque
912 1950 1037 2006 l'acetum

263 2031 387 2109 Vergilio
411 2032 580 2090 adnuerunt
602 2033 764 2107 gaudentes
787 2050 856 2091 rure
879 2032 1033 2092 Camenae.

262 2116 324 2175 Hoc
348 2125 418 2187 erat,
442 2125 562 2192 experto
586 2117 693 2175 frustra
719 2116 848 2175 Varrone
872 2117 994 2176 Atacino

258 2203 353 2279 Atque
377 2200 549 2278 quibusdam
572 2201 644 2271 aliis,
668 2201 772 2261 melius
796 2204 873 2279 quod
898 2203 1027 2261 scrihere
1051 2221 1180 2279 possem,

260 2286 417 2346 iuventore
441 2287 547 2356 minor,
572 2305 669 2363 neque
692 2306 747 2363 ego
771 2287 811 2346 illi
835 2287 988 2346 detrahere
1011 2287 1103 2346 ausim

260 2371 438 2432 Haerentem
460 2371 546 2448 capiti
570 2389 637 2430 cum
662 2372 750 2430 multa
774 2372 858 2431 laude
882 2390 1031 2431 coronam.
1057 2406 1097 2416 -

257 2461 294 2516 At
316 2457 374 2517 dixi
396 2458 488 2516 tluere
511 2458 591 2516 hunc
613 2457 803 2530 lutulentum,
826 2476 913 2535 saepe
936 2460 1080 2516 terentem

257 2543 345 2602 Plura
369 2544 485 2621 quidem
510 2542 638 2601 tollenda
660 2543 871 2619 relinquendis.
917 2545 986 2620 Age,
1011 2560 1130 2619 quaeso,

258 2628 302 2687 Tu
326 2629 399 2688 nihil
422 2629 451 2687 in
476 2646 583 2704 magno
607 2629 710 2687 doctus
732 2628 925 2704 reprehendis
950 2624 1101 2686 Homero?

257 2712 304 2771 Nil
326 2714 418 2773 comis
441 2713 543 2789 tragici
568 2723 660 2771 mutat
682 2713 812 2772 Lucilius
835 2713 913 2781 rlcci,

259 2797 324 2857 Non
348 2799 424 2858 ridet
445 2817 548 2857 versus
571 2797 649 2856 Enni
672 2798 811 2875 gravitate
836 2798 975 2869 minores,

260 2882 332 2942 Curn
354 2885 390 2942 de
413 2903 444 2944 se
467 2884 598 2960 loquitur
623 2902 682 2942 nou
706 2894 739 2942 ut
761 2884 871 2941 maiore
895 2879 1063 2960 reprensis?

260 2967 336 3036 uuio
360 2978 435 3028 vetat
458 2978 487 3028 et
511 2979 626 3028 nosmet
648 2969 741 3027 Lucili
763 2968 871 3046 scripta
895 2968 1019 3044 legentis
1130 2972 1132 2976 ’

259 3052 418 3126 Quaerere,
443 3073 513 3112 num
537 3055 622 3121 illins,
648 3072 718 3112 num
743 3071 842 3112 rerum
866 3053 937 3111 dura
963 3052 1078 3129 negarit

260 3138 425 3198 Versiculos
448 3148 550 3197 natura
576 3139 666 3216 tnagis
688 3140 781 3198 l'actos
804 3149 833 3197 et
855 3137 952 3196 euntis

259 3222 375 3282 Mollius
398 3241 431 3282 ac
454 3224 545 3299 siquis
568 3223 692 3301 pedihus
715 3223 785 3300 quid
809 3223 944 3282 claudere
967 3222 1055 3293 senis

258 3307 321 3367 Hoc
344 3318 458 3367 tantum
483 3318 650 3377 contentus,
673 3319 750 3367 amet
773 3308 923 3385 scripsisse
947 3308 1091 3366 ducentos

259 3398 333 3452 ⁴tute
357 3392 455 3452 cihum
479 3412 586 3463 versus,
611 3393 729 3451 totidem
754 3403 883 3460 cenatus,
908 3392 1024 3451 Etrusci

259 3477 350 3546 Quale
372 3479 428 3537 luit
450 3477 527 3538 Cassi
551 3477 652 3555 rapido
676 3478 836 3538 ferventius
859 3479 936 3537 amni

257 3563 423 3640 ingenium,
446 3563 541 3641 capsis
564 3581 652 3640 quem
676 3564 749 3622 lama
773 3574 816 3623 est
839 3582 901 3623 esse
924 3562 1065 3638 librisque

260 3730 280 3779 X
299 3748 322 3784 v.
343 3733 373 3783 27
394 3730 498 3793 oblitos]
516 3730 614 3779 Bentl:
635 3730 730 3780 oblitus
747 3733 750 3788 Ι
767 3731 845 3781 latine
864 3732 898 3793 (v)
915 3730 1005 3791 ,latine
1023 3729 1171 3778 Lambinus
1190 3727 1225 3778 al.
1244 3726 1248 3794 Ι

174 3800 203 3850 31
225 3802 312 3864 atque]
330 3823 363 3842 =
381 3800 569 3849 Lochmonouc
587 3799 622 3847 ad
640 3798 719 3850 Luca.
737 3799 768 3848 lll
787 3801 848 3850 415:
868 3798 938 3863 atqui
957 3800 991 3861 (o)
1016 3800 1019 3859 Ι
1042 3799 1073 3848 3Ί
1094 3795 1202 3859 delingit
1221 3798 1249 3844 et

173 3865 284 3916 diffindit
302 3871 349 3919 eto.
379 3869 382 3933 Ι
410 3869 441 3920 39
470 3875 584 3931 spectata
604 3868 638 3929 (o)
666 3872 668 3930 Ι
697 3869 728 3918 43
753 3867 865 3930 fatale),
886 3865 1116 3916 Horlreh'usanul.
1137 3864 1249 3930 Honp.

176 3935 286 3998 ttcsqq.
303 3937 307 4000 Ι
323 3938 355 3987 45
374 3936 507 3986 adnuerint
525 3936 558 3998 (u)
578 3936 717 3985 adnuerant
735 3937 771 3999 (o)
787 3935 790 3999 Ι
806 3937 837 3985 47
855 3936 952 3999 possim
971 3936 1005 3997 (o)
1021 3934 1025 4001 Ι
1043 3938 1072 3985 51
1094 3947 1190 3998 quaero
