2656 4448
562 269 734 323 CARllllNUM
751 273 761 325 l
780 277 804 327 6.
822 279 845 327 l.

679 444 715 502 Vl

294 541 439 604 Scriberis
454 543 540 604 Vario
555 545 640 606 fortis
656 556 686 606 et
699 547 829 608 hostium
901 576 903 581 ¹

296 627 404 703 Victor,
420 628 547 689 Maeonii
562 630 701 692 carminis
716 632 793 704 alite,

295 711 387 782 Quam
404 731 466 773 rem
482 732 609 792 cumque
624 717 708 776 ferox
723 716 846 778 navibus
860 728 911 778 aut
925 720 1009 797 equis

339 797 422 860 Miles
436 808 465 858 te
482 799 555 860 duce
570 801 708 878 gesserit3

237 927 252 974 5
297 916 366 987 Nos,
382 917 520 996 Agrippa,
537 937 633 998 neque
648 920 720 980 haec
736 920 834 981 dicere
849 939 905 981 nec
921 940 1040 1001 gravem

295 1001 409 1062 Pelidae
424 1003 608 1064 stomachum
624 1004 728 1065 cedere
745 1005 837 1067 nescii

295 1087 356 1146 Neo
371 1105 476 1148 cursus
491 1089 616 1168 duplicis
632 1108 686 1169 per
700 1108 782 1150 mare
798 1090 891 1151 Ulixei

339 1172 400 1232 Nec
416 1190 528 1233 saevam
546 1173 661 1254 Pelopis
676 1175 795 1235 domum

295 1288 451 1365 conamur,
467 1301 573 1353 tenues
587 1293 719 1372 grandia,
735 1295 805 1354 dum
820 1296 917 1373 pudor

223 1383 251 1433 10
293 1374 473 1454 lnbellisque
488 1378 568 1457 lyrae
584 1378 665 1439 Musa
680 1389 787 1459 potens
801 1388 880 1440 vetat

293 1459 408 1522 Laudes
423 1463 533 1540 egregii
549 1463 678 1524 Caesaris
694 1474 723 1524 et
737 1473 802 1526 tuas

340 1545 430 1626 Culpa
446 1549 580 1609 deterere
595 1549 706 1629 ingeni.

295 1663 367 1734 Quis
382 1665 504 1726 Martem
519 1668 619 1728 tunica
633 1677 744 1728 tectum
761 1667 945 1728 adamantina

295 1749 388 1828 Digne
404 1752 554 1830 scripserit
569 1763 619 1813 ant
633 1752 753 1830 pulvere
768 1752 874 1810 Troico

226 1843 255 1893 15
298 1835 421 1912 Nigrum
437 1836 590 1896 Merionen
607 1846 656 1896 aut
671 1855 728 1914 ope
744 1835 867 1895 Palladis

338 1919 470 1998 TYdiden
487 1922 603 2000 superis
619 1918 743 1999 parem?

294 2023 353 2098 Nos
369 2038 510 2111 convivia,
527 2058 581 2100 nos
595 2037 706 2118 proelia
721 2038 868 2117 virginum

297 2121 390 2183 Sectis
406 2123 436 2182 in
453 2123 574 2185 iuvenes
589 2122 739 2202 unguibus
755 2123 865 2182 acrium

294 2205 451 2268 Cantemus
465 2209 558 2283 vacui,
573 2209 632 2270 sive
649 2208 719 2287 qnid
734 2208 858 2280 urimur,

222 2298 251 2348 to
336 2292 401 2352 Non
418 2303 537 2372 praeter
552 2295 671 2355 solitum
686 2293 773 2354 leves.

671 2547 722 2606 Vll

292 2646 467 2709 Laudabunt
482 2649 529 2710 alii
544 2649 650 2710 claram
665 2649 792 2710 Rhodon
808 2658 858 2709 aut
872 2648 1031 2730 Mytilenen

336 2735 394 2794 Aut
409 2734 547 2814 Epheson
565 2734 720 2797 bimarisve
736 2734 869 2795 Corinthi

298 2817 412 2881 Moenia
429 2820 475 2880 vel
488 2819 603 2889 Baccho
619 2819 735 2881 Thebas
748 2820 794 2879 vel
809 2819 944 2898 Apolline
960 2817 1088 2897 Delphos

336 2904 466 2983 Insignis
481 2915 531 2966 aut
546 2906 684 2967 Thessala
698 2905 826 2984 Tempe3

238 2997 252 3046 5
296 2987 373 3049 Sunt
389 2990 496 3067 quihus
511 3010 605 3052 unum
622 3010 698 3070 opus
713 3001 766 3065 est,
783 2991 907 3051 intactae
923 2987 1047 3048 Palladis
1062 2984 1167 3046 urbem

337 3074 472 3135 Carmine
487 3086 630 3155 perpetuo
646 3075 796 3137 celebrare
812 3086 841 3134 et
945 3117 947 3122 ,

295 3156 430 3237 Undique
446 3160 615 3239 decerptam
630 3160 722 3220 fronti
738 3175 922 3237 praeponere
938 3158 1057 3230 olivam;

337 3242 483 3305 Plurimus
498 3245 528 3304 in
545 3243 668 3304 lunonis
683 3244 828 3303 honorem

254 3425 286 3477 Vl
304 3444 328 3478 v.
348 3429 363 3479 2
381 3426 436 3477 aliti
454 3428 620 3476 Passeratius
634 3425 669 3493 {3
689 3441 739 3492 qua
758 3425 864 3475 etiamsi
885 3437 940 3472 nort
959 3437 1018 3471 crem
1035 3416 1176 3488 ‘plerisque
1193 3438 1236 3471 aro·

167 3497 267 3545 teribus
286 3488 376 3557 lidrie',
396 3499 485 3545 tamon
502 3510 557 3545 non
574 3497 682 3545 omnino
700 3496 758 3544 sine
776 3493 851 3543 libris
869 3492 902 3553 (v.
917 3488 965 3540 OK
978 3490 1073 3556 epilog.
1090 3489 1100 3540 l
1118 3492 1161 3554 28)
1179 3490 1237 3540 Mu-

167 3567 240 3613 ratus
265 3580 322 3615 oar.
350 3564 408 3614 lect.
425 3562 458 3614 lx
476 3566 490 3614 ’1
509 3563 614 3628 (Booti.)
640 3563 643 3624 Ι
666 3562 683 3613 7
700 3561 815 3628 duplices
838 3561 843 3621 l
867 3557 1237 3627 [13-16111(v.0pus0.111

168 3632 210 3695 50)
233 3631 265 3681 M
283 3631 329 3696 (cs.
350 3629 440 3698 praes.
459 3647 483 3683 a.
504 3633 569 3683 1869
584 3647 612 3696 p.
625 3630 670 3691 trt;
691 3632 755 3683 1819
769 3646 798 3696 p.
810 3627 898 3691 XVlll)
916 3628 952 3691 hl
969 3629 1000 3680 18
1019 3628 1114 3679 strictis
1125 3627 1211 3678 Booti.
1231 3628 1235 3693 l
1295 3681 1300 3690 ⁴

171 3702 201 3752 19
220 3705 352 3752 cantamus
376 3700 469 3763 vacni‚]
497 3699 525 3749 V
536 3700 592 3750 ind.
617 3699 705 3750 Borol.
728 3704 790 3750 aest.
809 3715 833 3749 a.
854 3697 919 3750 1886
941 3712 967 3761 p.
986 3697 1002 3747 3
1020 3713 1068 3761 sp,
1091 3711 1142 3760 quo
1164 3701 1237 3746 recta

168 3768 657 3896 ²'”‘⁶'‘'ttl⁰l²'⁰ltttlhlttllts
668 3763 1236 3901 1115111Γέ1111111ἔῖ11111·

168 3903 329 3955 Bouhier-ius
346 3887 378 3956 a..
392 3852 423 3956 ti)
426 3907 455 3956 15
474 3907 537 3953 tarto
552 3904 665 3967 Orellio,·
676 3905 713 3955 Io.
728 3903 862 3954 Schrader
879 3903 978 3951 observ.
989 3917 1016 3966 p.
1030 3903 1061 3952 75
1073 3916 1128 3966 sqq.
1144 3897 1150 3967 Ι
1165 3901 1180 3951 8
1193 3900 1239 3951 ho-

162 3985 229 4025 nore
250 3973 452 4039 Oudendorpius
476 3972 503 4022 11.
522 3974 553 4022 ab
573 3973 603 4023 H.
620 3974 644 4024 P
659 3972 684 4022 11.
703 3972 915 4034 (coniugiumue
934 3974 1028 4020 contra
1047 3969 1180 4031 honorem)
