2656 4448
524 241 715 293 SATIRARUM
732 244 741 294 Ι
760 245 784 294 6.
1128 244 1186 300 141

204 415 269 475 Nou
293 414 392 475 minus
415 415 532 493 ignotos
554 415 716 491 generosis.
761 413 827 484 Quo
850 414 913 486 tibi,
937 415 1013 487 lilii,

204 500 327 561 Sumere
350 499 516 578 depositum
540 500 652 559 clavum
675 499 799 576 fierique
822 497 964 560 tribuno?
1161 513 1190 562 25

203 585 314 645 lnvidia
337 584 474 656 adcrevit,
497 585 611 663 privato
635 602 711 661 quae
733 584 832 643 minor
855 596 941 645 esset.

203 670 275 730 Nam
299 677 332 730 ut
355 669 480 747 quisque
502 670 624 729 insanus
647 669 739 748 nigris
761 669 890 728 medium
914 669 1046 749 impediit
1068 689 1137 731 crus

203 753 333 815 Pellibus
355 763 385 814 et
407 753 498 814 latum
521 754 637 814 demisit
660 762 781 832 pectore
804 754 927 824 clavum,

203 840 291 900 ludit
313 839 455 900 continuo
474 832 555 916 ‘quis
577 840 666 898 lromo
689 840 737 898 lric
760 836 827 899 est?
850 858 908 917 quo
924 848 1008 918 patre
1025 835 1145 903 natus?'

205 924 244 984 Ut
265 925 342 1002 siqui
365 933 498 1001 aegrotet
521 943 579 1002 quo
603 924 708 984 morbo
731 923 849 997 Barrus,
872 925 974 985 haberi
1163 936 1192 985 30

206 1008 244 1069 Et
266 1010 361 1088 capiat
382 1010 540 1081 formosus,
564 1020 610 1069 eat
632 1027 827 1087 quacumque,
850 1009 955 1088 puellis

207 1093 314 1154 lnioiat
336 1112 435 1154 curam
460 1094 622 1172 quaerendi
647 1094 772 1172 singula,
796 1093 874 1171 quali

205 1178 249 1238 Sit
271 1179 355 1247 facie,
378 1175 457 1250 sura,
481 1179 559 1256 quali
582 1179 665 1258 pede,
689 1181 786 1250 dente,
810 1178 926 1257 capillo,

205 1263 253 1324 stc
276 1265 326 1342 qui
349 1264 503 1343 promittit,
527 1264 605 1336 civis,
631 1261 733 1323 urbem
757 1264 813 1323 sibi
835 1281 933 1330 curae,

205 1348 364 1427 lmperium
388 1349 451 1409 fore
473 1358 503 1408 et
525 1349 637 1408 ltaliam
661 1358 690 1409 et
712 1347 834 1407 delubra
856 1351 989 1422 deorum,
1163 1359 1194 1408 35

207 1432 273 1503 Quo
297 1443 380 1512 patre
402 1434 440 1494 sit
461 1445 557 1503 natus
582 1451 654 1493 num
677 1434 778 1512 ignota
800 1442 894 1492 matre
916 1434 1102 1505 inhonestus,

208 1517 312 1579 Omnis
335 1519 467 1579 mortalis
489 1537 592 1579 curare
616 1527 645 1578 et
668 1536 809 1596 quaerere
832 1519 920 1597 cogit.

203 1595 312 1677 ‘Tune
335 1603 401 1683 Syri
424 1604 531 1664 Damae
553 1613 604 1664 aut
625 1604 747 1683 Dionysi
771 1603 857 1674 lilius,
880 1602 970 1663 audes

208 1650 330 1749 Deicele
353 1689 388 1749 de
411 1707 481 1749 saxo
505 1689 576 1749 civis
598 1697 648 1748 aut
670 1689 785 1748 tradere
809 1677 951 1747 Cadmo?

204 1765 255 1833 ‘At
277 1773 386 1834 Novius
409 1774 519 1851 collega
542 1775 634 1854 gradu
657 1783 725 1853 post
747 1791 794 1833 me
817 1772 899 1833 sedet
920 1789 998 1847 uno;
1167 1783 1195 1831 to

210 1857 342 1935 Namque
361 1868 405 1919 est
421 1860 478 1926 ille,
496 1868 579 1937 pater
595 1861 673 1936 quod
691 1868 754 1919 erat
770 1848 870 1918 meus?
886 1850 965 1917 ‘Hoc
980 1855 1034 1916 tibi
1051 1856 1169 1917 Paullus

211 1941 249 2002 Et
270 1942 402 2004 Messalla
427 1942 554 2004 videris?
577 1953 606 2004 at
628 1945 686 2017 hic
708 1943 731 2004 si
755 1945 867 2023 plostra
889 1942 1015 2002 ducenta

212 2026 457 2107 Concurrentque
479 2031 545 2090 loro
567 2030 622 2090 tria
645 2031 760 2103 funera
782 2046 888 2107 magna
911 2027 1029 2088 sonabit

211 2113 326 2172 Cornua
350 2115 429 2192 quod
453 2114 609 2192 vincatque
633 2115 733 2190 tubas;
756 2114 856 2175 saltem
881 2123 963 2174 tenet
951 2114 1041 2172 thoc
1064 2101 1136 2172 nos?
1155 2145 1196 2156 -

209 2197 295 2258 Nunc
317 2200 352 2258 ad
375 2217 422 2258 me
446 2200 534 2260 redeo
557 2199 696 2260 libertino
719 2210 802 2279 patre
825 2207 937 2271 natum,
1168 2207 1197 2255 45

211 2282 304 2352 Quem
328 2285 438 2345 rodunt
461 2304 564 2345 omnes
586 2285 726 2345 libertino
749 2295 832 2362 patre
856 2294 965 2353 uatum,

212 2368 309 2438 Nunc,
333 2370 400 2444 quia
423 2369 476 2428 sim
501 2368 564 2440 tibi,
588 2369 751 2439 Maecenas,
774 2369 935 2435 convictor,
958 2377 987 2427 at
1013 2367 1093 2437 olim,

212 2451 297 2521 Quod
320 2453 392 2512 milri
416 2464 534 2531 pareret
555 2453 631 2529 legio
655 2453 786 2511 Romana
810 2452 941 2511 tribuno.

194 2536 357 2602 Dissimile
379 2537 436 2595 hoc
459 2536 500 2595 illi
523 2547 576 2608 est,
600 2537 667 2613 quia
690 2555 761 2606 non,
786 2545 818 2595 ut
840 2536 925 2594 forsit
946 2535 1092 2595 honorem

214 2621 282 2680 lure
305 2620 376 2679 mihi
400 2621 528 2680 invideat
551 2621 654 2698 quivis,
678 2621 716 2679 ita
740 2629 768 2679 te
794 2638 914 2698 quoque
937 2620 1072 2690 amicum,
1172 2631 1201 2679 5ο

214 2705 391 2764 Praesertim
415 2715 533 2765 cautum
558 2706 663 2784 dignos
685 2705 849 2778 adsumere,
873 2722 960 2783 prava

212 2789 381 2849 Ambitione
403 2791 518 2869 procul.
564 2790 690 2851 Felicem
712 2790 809 2850 dicere
832 2808 893 2849 non
917 2790 974 2849 hoc

212 2875 258 2935 Me
282 2876 402 2953 possim,
425 2895 495 2936 casu
518 2876 597 2953 quod
620 2887 649 2935 te
672 2875 795 2936 sortitus
817 2874 959 2947 amicum;

212 2960 296 3020 Nulla
321 2962 428 3021 etenim
454 2961 523 3020 milri
545 2968 574 3020 te
596 2962 658 3021 fors
681 2960 803 3021 obtulit:
827 2958 956 3038 optimus
979 2957 1048 3018 olim

213 3045 368 3123 Vergilius,
392 3055 459 3124 post
480 3046 560 3106 hunc
583 3046 692 3111 Varius
714 3045 813 3105 dixere
837 3045 905 3123 quid
929 3062 1033 3104 essem.
1171 3050 1201 3098 55

212 3129 251 3189 Ut
273 3131 339 3190 veni
361 3149 469 3205 coram,
493 3131 644 3210 singultim
667 3149 760 3210 pauca
782 3131 897 3190 locutus
920 3163 933 3173 -

217 3214 318 3275 lnlans
341 3235 468 3294 namque
491 3217 589 3295 pudor
610 3215 786 3295 prohibebat
808 3216 893 3294 plura
915 3213 1026 3294 prolari
1049 3245 1072 3284 -,

128 3352 331 3360 ...——-—-----

216 3448 286 3499 Vlo.
306 3449 552 3512 24Ti11i1o=o
573 3454 632 3502 tot:
653 3449 710 3500 tulli
734 3449 738 3516 Ι
764 3452 793 3500 at
813 3447 937 3513 impediit]
965 3450 1014 3511 (5)·
1051 3444 1198 3562 impediset
1195 3443 1217 3487 l·

129 3518 162 3568 28
180 3517 222 3567 lric
240 3520 332 3576 etlssl
352 3519 499 3581 ntlotl33
518 3533 575 3569 sura
595 3517 672 3584 quali,
690 3519 725 3568 ol.
741 3518 746 3583 Ι
769 3521 799 3569 at
820 3517 897 3581 cogit]
916 3518 962 3579 (v).
981 3511 1160 3580 cogat1388
1164 3513 1201 3579 yri

129 3583 233 3647 Damae]
254 3585 406 3648 Madvigius
424 3587 527 3636 adom.
540 3589 599 3636 crit.
618 3585 627 3636 l
648 3589 705 3650 105,
719 3594 742 3647 t,
761 3594 837 3647 quem
861 3588 1055 3646 concluseram,
1083 3583 1203 3646 quamuis

128 3667 178 3718 por·
197 3669 224 3701 so
242 3659 286 3703 aut
304 3656 384 3703 tertio
403 3654 460 3704 loco
481 3656 609 3736 positum·
622 3670 677 3704 non
700 3653 905 3717 improbandum
927 3655 963 3700 ait
990 3648 1027 3710 of
1046 3620 1076 3700 D.
1095 3648 1203 3714 Sieebpe

130 3736 220 3787 opusc.
243 3721 311 3786 plut.
334 3722 370 3771 od
387 3722 554 3786 Madvigium
571 3724 641 3771 miss.
660 3722 753 3782 (Hooo.
775 3723 893 3785 tetdtp.
913 3722 975 3772 255:
996 3717 1062 3784 Syri,
1082 3715 1175 3766 Damae
1198 3721 1202 3776 1

130 3791 163 3842 39
182 3804 254 3840 camo
273 3791 307 3852 (o)
323 3793 327 3852 l
344 3791 376 3841 43
395 3790 481 3841 lunera
501 3804 600 3853 magna,
620 3790 639 3839 l.
659 3789 688 3838 B.
707 3789 867 3855 Alelemoyer
884 3789 950 3853 disp.
969 3788 1000 3837 do
1019 3786 1035 3835 l.
1050 3785 1112 3835 Hor.
1125 3799 1202 3832 sem.

130 3856 183 3921 ld,
203 3859 267 3908 42-
272 3861 305 3908 44
322 3858 494 3916 (Pudertom.
516 3860 634 3922 ldlllp
652 3859 724 3922 usq.
744 3857 803 3920 (Me)
824 3858 829 3923 Ι
852 3861 883 3908 47
903 3871 958 3906 sum
977 3857 1012 3918 (υ)
1036 3852 1041 3920 Ι
1065 3855 1098 3904 49
1116 3851 1201 3902 forsan

128 3927 233 3992 (υ)153
251 3939 357 3990 possum
376 3929 410 3989 (v)
