2656 4448
479 226 698 282 conminuunt
717 231 757 283 18.
778 233 816 284 te.

242 400 273 461 si
296 409 381 461 tener
403 401 492 479 pleno
515 401 593 461 cadit
613 401 724 461 haedus
745 418 824 460 anno

241 484 335 565 Larga
357 487 414 546 neo
436 484 543 547 desunt
565 485 687 546 Veneris
709 484 800 546 sodali

242 569 315 631 Vina
338 578 495 645 creterrae,
518 579 600 632 vetus
623 589 672 631 ara
693 570 786 631 multo

318 655 423 715 Fumat
446 655 546 716 odore.
883 662 885 665 ’

243 771 330 833 Ludit
350 773 479 834 herboso
501 791 593 852 pecus
615 790 703 832 omne
726 790 839 851 campo,

243 856 316 918 Cum
337 858 389 919 tibi
411 859 512 919 Nonae
534 856 660 917 redeunt
682 856 868 932 Decembres,

243 942 347 1004 Festus
370 943 400 1003 in
423 943 514 1021 pratis
536 949 617 1001 vacat
638 942 732 1003 otioso

320 1027 393 1089 Cum
415 1027 488 1088 bove
511 1045 613 1106 pagus,

243 1143 324 1204 Inter
346 1144 462 1206 audacis
484 1145 571 1224 lupus
594 1153 672 1204 errat
693 1161 794 1221 agnos,

244 1229 361 1309 Spargit
382 1230 504 1309 agrestis
525 1229 579 1290 tibi
601 1229 672 1289 silva
695 1227 819 1301 frondis,

245 1313 357 1374 Gaudet
378 1314 500 1375 invisam
522 1314 669 1392 pepulisse
694 1315 790 1374 fossor

320 1398 379 1457 Ter
401 1400 475 1478 pede
498 1406 616 1458 terram.

622 1649 688 1708 xix
781 1730 785 1734 ᾖ

246 1768 397 1839 Quantum
421 1767 509 1827 distet
530 1767 566 1827 ab
589 1767 697 1828 Inacho

293 1851 406 1913 Codrus
428 1870 482 1930 pro
505 1853 598 1931 patria
621 1872 681 1913 non
706 1852 824 1914 timidus
847 1855 922 1914 mori

246 1937 354 1999 Narras
376 1945 406 1996 et
428 1955 522 2016 genus
544 1937 631 1998 Aeaci

293 2022 330 2084 Et
352 2030 482 2101 pugnata
504 2041 587 2083 sacro
611 2021 685 2082 bella
708 2021 764 2082 sub
786 2023 853 2083 llio:

247 2106 313 2178 Quo
338 2106 441 2168 Chium
463 2108 558 2186 pretio
581 2107 685 2168 eadum

293 2192 471 2264 Mercemur,
494 2192 560 2270 quis
581 2210 686 2270 aquam
709 2200 853 2271 temperet
874 2189 1002 2271 ignibus,
1071 2268 1072 2272 Ἰ

250 2276 315 2348 Quo
338 2276 500 2355 praebente
522 2275 642 2337 domum
664 2286 694 2337 et
715 2286 805 2356 quota

296 2361 442 2440 Paelignis
465 2379 578 2422 caream
600 2360 768 2441 frigoribus,
789 2371 878 2423 taces.
901 2397 941 2407 —

250 2445 292 2506 Da
314 2447 401 2506 lunae
424 2464 552 2525 propere
574 2464 676 2519 novae,

297 2531 338 2591 Da
361 2531 457 2592 noetis
478 2531 600 2604 mediae,
624 2531 668 2605 da,
691 2549 775 2610 puer,
799 2533 918 2610 auguris

252 2614 408 2675 Murenael
430 2614 525 2675 tribus
547 2624 597 2677 aut
618 2634 723 2676 novem

298 2699 459 2759 Miscentur
481 2699 592 2779 cyathis
613 2701 717 2779 pocula
741 2701 912 2762 commodis.

252 2781 309 2853 Qui
330 2783 427 2844 Musas
448 2792 525 2844 amat
546 2784 674 2863 imparis,
944 2858 946 2863 ἲ

298 2867 414 2929 Ternos
435 2877 480 2928 ter
502 2865 622 2948 cyathos
645 2870 785 2932 attonitus
806 2878 888 2949 petet

253 2951 354 3025 Vates;
376 2952 429 3013 tris
451 2951 589 3031 prohibet
610 2971 699 3032 supra

300 3037 440 3098 Rixarum
461 3045 598 3098 metuens
619 3045 740 3116 tangere
763 3037 859 3098 Gratia

253 3121 345 3183 Nudis
367 3122 468 3183 iuncta
490 3121 651 3184 sororibus.

300 3207 434 3268 Insanire
455 3207 547 3268 iurati
572 3225 626 3269 cur
647 3207 837 3286 Berecyntiae

254 3290 376 3353 Cessent
397 3292 515 3353 flamina
537 3291 646 3353 tibiae?

300 3376 360 3437 Cur
381 3378 492 3457 pendet
514 3378 598 3438 tacita
621 3378 717 3439 fistula
740 3395 807 3438 curn
830 3375 911 3457 lyra‘i

253 3459 405 3522 Parcentis
427 3480 481 3540 ego
505 3463 637 3524 dexteras

302 3545 372 3606 Odi:
396 3564 501 3626 sparge
523 3547 619 3608 rosasl
642 3547 739 3607 audiat
760 3546 875 3607 invidus

213 3692 290 3746 XVlll
307 3711 331 3747 o.
351 3699 365 3747 ἵ
384 3695 515 3760 craterae!
534 3698 564 3747 tr
580 3695 674 3761 pardus
692 3697 727 3761 (o)
746 3694 781 3757 cf.
799 3694 914 3745 Bentleii
931 3693 992 3744 adn.

213 3760 269 3813 xix
287 3779 310 3814 v.
332 3767 342 3815 1
364 3763 442 3815 distet
462 3763 466 3830 Ι
486 3766 501 3815 2
520 3778 570 3814 non
590 3762 694 3815 timidus
712 3778 758 3831 pro
776 3763 857 3829 patria
877 3762 939 3812 mori
958 3762 992 3825 (a)
1011 3758 1016 3826 Ι
1037 3762 1053 3810 4
1072 3773 1143 3813 saera
1160 3760 1197 3826 (o)

126 3829 565 3896 Lachmannusl.o.110,141.
593 3830 597 3898 Ι
626 3833 657 3883 12
683 3832 820 3884 nriseentor
837 3829 993 3894 dulgersiue
1013 3828 1069 3879 leot.
1091 3830 1154 3880 Hor.
1174 3841 1197 3880 o.

128 3897 172 3950 Vll
185 3914 213 3964 p.
233 3900 294 3960 2673
313 3898 347 3952 N.
366 3900 490 3951 Heinsius
