2656 4448
459 227 689 282 EPISTULARUM
707 229 716 279 Ι
737 231 776 281 16.
797 231 836 283 1¹1.

196 402 394 483 Compedibus
416 420 501 463 saevo
526 410 554 462 te
576 399 631 461 sub
654 401 776 461 custode
799 396 925 462 tenebo?

192 483 272 567 ‘lpse
295 488 376 559 deuS,
400 487 576 564 simulatque
598 485 702 558 volam,
727 504 773 546 me
795 481 906 548 solvet.²
954 486 1078 565 Opinon,
1154 481 1158 491 '

197 573 262 634 lloc
284 573 374 634 sentit
393 564 533 632 ‘moriar’.
577 570 656 631 Mors
679 571 779 631 ultima
803 572 879 633 linea
902 589 1002 633 rerum
1025 582 1079 633 est.

200 962 347 1034 Quamvis,
372 962 489 1034 Scaeva,
512 961 580 1022 satis
602 979 657 1041 per
679 968 708 1021 te
729 959 783 1021 tibi
806 962 936 1023 consulis
958 972 988 1024 et
1009 964 1074 1037 scis,

200 1048 266 1117 Quo
290 1046 408 1107 taudem
431 1056 518 1125 pacto
542 1047 644 1106 deceat
666 1045 828 1107 maioribus
850 1047 902 1121 uti,

199 1131 285 1192 Disce
308 1132 461 1192 docendus
482 1132 577 1192 adbuc
600 1149 675 1210 quae
699 1141 803 1192 censet
824 1133 975 1208 amiculus,
999 1141 1032 1195 ut
1054 1134 1078 1195 si

201 1217 312 1278 Caecus
335 1218 391 1277 iter
415 1225 580 1277 monstrare
602 1216 685 1291 velit3
708 1226 806 1277 tamen
830 1217 957 1297 adspice,
981 1218 1075 1297 siquid

201 1302 239 1362 m
261 1321 325 1376 nos,
348 1302 426 1380 qnod
450 1320 537 1363 cures
559 1301 712 1381 proprium
736 1301 849 1375 fecisse,
872 1302 1037 1381 loquamur.
1061 1339 1100 1351 -
1176 1315 1190 1364 ⁶

202 1387 233 1446 Si
255 1397 284 1447 te
306 1397 388 1466 grata
411 1387 495 1466 quies
518 1398 548 1447 et
569 1386 694 1467 primam
718 1404 840 1447 somnus
863 1387 892 1446 in
916 1388 1018 1449 horam

201 1470 342 1545 Delectat,
365 1473 390 1533 si
413 1483 442 1533 te
464 1472 558 1551 pulvis
581 1471 780 1551 strepitusque
803 1481 944 1546 rotarum,

202 1557 234 1616 Si
255 1557 344 1617 laedit
366 1575 510 1637 caupona,
535 1556 730 1617 Ferentinum
753 1556 796 1616 ire
819 1555 944 1632 iubebo;

201 1642 275 1703 Nam
299 1660 397 1720 oeque
420 1641 557 1702 divitibus
580 1640 761 1718 contingunt
782 1642 887 1720 gaudia
912 1642 980 1703 solis

202 1727 263 1788 Nec
285 1727 355 1788 vixit
376 1728 460 1796 male,
485 1726 535 1804 qui
558 1735 643 1786 natus
666 1726 857 1804 moriensque
880 1727 990 1787 lelellit.
1164 1738 1191 1788 tu

203 1811 235 1872 Si
256 1813 396 1890 prodesse
420 1811 478 1872 tuis
500 1811 658 1891 paulloque
681 1809 839 1889 benignius
862 1812 958 1891 ipsum

203 1897 245 1957 Te
267 1906 393 1958 tractare
415 1898 505 1969 voles,
528 1895 650 1956 accedes
672 1895 768 1956 siccus
791 1897 825 1956 ad
849 1906 981 1957 unctum.

200 1976 245 2043 ‘Si
268 1983 428 2061 pranderet
449 1980 536 2042 holus
580 1981 715 2054 atienter,
739 1981 859 2060 regibus
881 1982 924 2042 uti

204 2067 303 2128 Nollet
323 2057 509 2147 Aristippus?
567 2066 596 2128 Si
619 2067 709 2128 sciret
730 2066 851 2145 regibus
874 2068 926 2141 uti,

205 2151 361 2213 Fastidiret
382 2153 478 2225 holus,
502 2153 552 2231 qui
574 2170 622 2212 me
644 2147 746 2213 notat?
792 2152 892 2214 Utrius
914 2154 1022 2214 horum
1166 2164 1193 2214 15

206 2237 303 2297 Verba
325 2237 435 2317 probes
457 2247 486 2298 et
508 2238 582 2298 lacta
606 2238 689 2311 doce,
713 2238 759 2298 vel
781 2236 882 2299 iunior
904 2240 982 2313 audi,

208 2323 267 2384 Cur
288 2321 326 2383 sit
348 2322 489 2401 Aristippi
511 2323 610 2402 potior
632 2323 787 2383 sententia.
832 2322 965 2402 Namque

208 2408 373 2468 Mordacem
397 2407 538 2486 Cynicum
561 2406 604 2466 sic
625 2405 771 2478 eludebat,
793 2416 826 2467 ut
848 2408 946 2469 aiunt:

205 2485 346 2554 ‘Scurror
368 2509 423 2569 ego
447 2491 510 2569 ipse
532 2490 612 2562 mihi,
635 2490 746 2569 populo
769 2499 817 2566 tu;
841 2492 951 2554 rectius
972 2494 1029 2553 boc
1052 2503 1082 2553 et

209 2575 398 2657 Splendidius
420 2576 513 2635 multo
536 2585 589 2635 est.
627 2574 729 2652 Equus
752 2583 786 2634 ut
806 2593 853 2635 me
875 2587 983 2655 portet,
1007 2577 1063 2637 alat
1085 2596 1145 2649 rex,
1168 2588 1196 2639 20

211 2662 348 2723 Ollicium
371 2661 462 2736 faci03
485 2670 518 2721 tu
540 2659 638 2739 poscis
659 2659 734 2732 vilia,
757 2677 860 2720 verum

208 2748 302 2808 Dante
325 2747 432 2821 minor,
455 2744 587 2825 quamvis
608 2745 667 2805 fors
690 2753 719 2805 te
742 2744 851 2806 nullius
874 2742 1030 2826 egentem)

211 2831 315 2893 Omnis
337 2832 519 2911 Aristippum
543 2830 642 2891 decuit
666 2829 748 2890 color
770 2839 800 2890 et
821 2840 914 2893 status
936 2841 966 2892 et
988 2851 1044 2906 rec,

209 2916 414 2996 Temptantem
437 2915 549 2976 maiora
570 2916 643 2988 fere,
665 2915 872 2995 praesentibus
894 2936 1037 2995 aequum;

211 3001 330 3076 Contra,
353 3021 442 3081 quem
464 3000 574 3080 duplici
596 3019 697 3079 panno
721 3000 859 3079 patientia
882 3002 966 3075 velat,
1170 3012 1197 3062 25

210 3086 348 3160 Mirabar,
371 3088 445 3148 vitae
467 3086 512 3146 via
535 3086 558 3146 si
581 3103 722 3146 conversa
745 3084 868 3145 decebit.

212 3171 292 3232 Alter
314 3189 497 3253 purpureum
521 3189 582 3232 non
606 3168 787 3249 exspectabit
809 3172 957 3244 amictum,

212 3256 363 3328 Quidlibet
385 3257 505 3317 indutus
528 3255 720 3316 celeberrima
743 3273 797 3334 per
818 3256 882 3316 loca
904 3257 989 3317 vadet

211 3341 431 3420 Personamque
453 3342 529 3401 feret
551 3360 613 3401 non
636 3340 837 3402 inconcinnus
859 3351 1031 3421 utramque3
1127 3363 1129 3367 ·

212 3426 294 3486 Alter
316 3426 406 3488 llileti
429 3435 537 3487 textam
561 3443 633 3486 cane
655 3425 741 3505 peius
763 3435 792 3486 et
813 3445 910 3506 angue
1170 3437 1200 3485 ac

212 3510 320 3572 Vitabit
342 3511 515 3586 chlauidem,
539 3511 683 3572 morietur
705 3510 823 3589 frigore,
846 3513 870 3574 si
894 3532 955 3573 non

129 3615 331 3624 ————-.

212 3643 280 3696 xvu
297 3661 321 3698 o.
341 3647 356 3698 2
374 3650 476 3697 tenuem
496 3643 637 3696 Horlrolius
655 3647 729 3697 anal.
748 3646 812 3696 Hor.
827 3660 856 3710 p.
877 3647 976 3710 laesa.
993 3645 1029 3711 18
1047 3643 1135 3707 laedit]
1152 3646 1200 3709 tul:

126 3713 235 3765 loedeto
248 3713 357 3765 laedato
374 3713 378 3779 Ι
394 3716 424 3766 21
437 3713 642 3774 verum1=B⁰:
662 3728 750 3764 uerum
762 3728 789 3764 es
807 3729 821 3762 v
840 3727 923 3764 rerum
937 3716 973 3778 (v)
991 3727 1072 3763 rerum
1094 3727 1122 3763 es
1140 3713 1175 3776 (a)
1196 3709 1199 3778 l

129 3784 162 3834 24
181 3783 277 3833 maiora
295 3781 365 3845 iere]
384 3780 600 3832 Doederleiaius:
626 3782 731 3844 maiora,
750 3780 802 3832 lere
820 3780 884 3846 og.l
906 3782 938 3832 30
957 3781 1034 3845 angui
1056 3782 1060 3846 1
1081 3781 1112 3832 31
1133 3779 1202 3831 chla-

129 3847 224 3917 nidem]
239 3850 373 3916 umquem
390 3849 435 3913 (M.
448 3848 552 3900 Bonaet
563 3865 618 3903 rev.
637 3849 668 3899 de
683 3847 778 3914 philol.
797 3864 823 3900 a.
836 3865 856 3900 s.
870 3853 892 3911 1,
907 3850 955 3901 200
968 3852 1031 3913 sqq:
1050 3847 1201 3900 chlamidem

128 3920 163 3984 (a)
182 3916 315 3970 clamidem
333 3934 348 3968 o
368 3915 527 3984 chlamydem
547 3931 590 3982 vg.
