2656 4448
517 240 707 294 SATIRARUM
725 241 743 292 11
762 243 786 294 2.
1133 237 1190 300 157

207 415 339 476 Membra
361 415 448 488 dedit,
471 423 590 492 vegetus
612 414 793 493 praescripta
816 414 852 474 ad
875 415 976 474 munia
999 417 1101 492 surgit.

207 500 262 560 Hic
284 495 382 560 tamen
405 500 440 559 ad
463 500 567 560 melius
589 500 699 578 poterit
721 508 927 559 transcurrere
950 499 1109 576 quondam,

208 586 274 645 Sive
296 586 373 645 diem
396 586 502 645 festum
527 585 644 644 rediens
667 585 816 644 advexerit
838 602 936 644 annus

208 671 267 731 Seu
289 688 423 731 recreare
446 670 524 730 volet
546 678 699 729 tenuatum
723 688 832 747 corpus
855 668 966 746 ubique

208 755 358 815 Accedent
380 755 460 827 anni,
484 756 601 814 tractari
625 755 742 815 mollius
765 764 844 815 actas
1167 764 1196 815 85
1280 768 1282 773 ⁴

208 839 355 926 imbecilla
377 840 469 913 volet3
491 839 545 899 tibi
569 838 707 917 quidnam
731 841 850 900 accedet
873 840 909 900 ad
932 841 1025 912 istam,

208 925 303 995 Quam
326 944 401 1003 puer
424 935 454 984 et
474 924 586 985 validus
607 926 781 1002 praesumis,
804 925 966 996 mollitiem,
990 943 1042 986 scu

208 1011 286 1070 Dura
308 1011 443 1070 valetudo
466 1009 603 1070 inciderit
624 1028 677 1069 seu
698 1011 780 1070 tarda
803 1008 965 1071 senectus?
986 1044 1030 1053 -

209 1095 372 1156 Rancidum
398 1113 501 1173 aprum
525 1095 638 1172 antiqui
662 1095 829 1166 laudabant,
853 1115 913 1156 non
938 1096 1004 1173 quia
1030 1112 1118 1156 nasus

208 1179 268 1241 this
291 1182 390 1241 nullus
413 1190 485 1253 erat,
508 1179 568 1254 sed,
592 1180 689 1251 credo,
712 1180 768 1240 hac
790 1191 900 1253 mente,
924 1180 1003 1258 quod
1026 1181 1134 1259 hospes
1169 1189 1198 1240 00

207 1264 332 1327 Tardius
354 1266 512 1326 adveniens
533 1265 664 1325 vitiatum
689 1265 872 1326 commodius
895 1284 983 1344 quam

208 1349 360 1429 Integrum
383 1350 454 1411 edax
477 1350 615 1410 dominus
638 1361 834 1410 consumeret.
879 1351 940 1411 Hos
962 1351 1074 1412 utinam
1098 1351 1178 1410 inter

209 1436 320 1497 Heroas
344 1447 444 1497 natum
467 1436 554 1496 tellus
576 1454 623 1495 me
646 1435 739 1514 prima
761 1436 890 1496 tulissetl
913 1470 955 1481 -

152 1574 155 1581 .
208 1520 266 1581 Das
288 1521 398 1599 aliquid
421 1523 521 1591 100000,
546 1539 620 1599 quae
644 1521 775 1581 carmine
797 1521 907 1598 gratior
930 1539 1030 1581 aurem

210 1605 343 1684 Occupet
365 1603 546 1666 humanam?
569 1606 695 1684 grandes
717 1604 834 1665 rhombi
856 1606 1031 1684 patinaeque
1171 1616 1199 1666 00

211 1690 328 1752 Grande
351 1693 452 1751 ferunt
473 1709 531 1751 una
555 1709 631 1751 cum.
645 1692 753 1751 damno
776 1690 913 1749 dedecus.
958 1690 1038 1750 Adde

208 1775 317 1836 Iratum
339 1785 487 1854 patruum,
511 1777 630 1847 vicinos,
655 1787 683 1836 te
705 1774 757 1834 tibi
779 1775 915 1853 iniquum

210 1860 248 1920 Et
270 1862 379 1922 frustra
402 1862 505 1922 mortis
528 1862 676 1940 cupidum,
701 1879 768 1920 cum
792 1861 867 1920 derit
890 1862 989 1939 egenti

210 1951 259 2017 As,
282 1947 378 2024 laquei
402 1948 542 2024 pretium.
584 1941 673 2007 ‘lure'
698 1945 796 2023 inquit
814 1939 969 2007 ‘Transius
992 1946 1054 2008 istis

211 2030 348 2109 lurgatur
369 2031 481 2106 verbis;
506 2051 561 2110 ego
583 2031 733 2108 vectigalia
756 2048 862 2108 magna
1159 2041 1200 2091 100

211 2116 389 2194 divitiasque
411 2116 507 2177 habeo
530 2117 625 2177 tribus
647 2118 760 2195 amplas
782 2112 920 2196 regibus?
967 2115 1046 2195 Ergo

210 2201 295 2270 Quod
319 2212 439 2280 superat
463 2221 522 2261 uon
547 2212 592 2262 est
613 2203 716 2263 melius
741 2221 799 2280 quo
822 2204 971 2264 insumere
993 2199 1112 2281 possis?

213 2285 272 2346 Cur
295 2297 362 2364 eget
385 2286 525 2365 indignus
549 2287 706 2365 quisquam
728 2297 757 2345 10
780 2286 888 2347 divite?
913 2306 1003 2365 quare

212 2369 334 2450 Templa
356 2381 450 2431 ruunt
470 2371 590 2448 antiqua
612 2369 724 2431 deum?
747 2388 810 2445 cur,
835 2372 978 2449 improbe,
1001 2389 1085 2431 carae

213 2455 278 2516 Non
303 2455 412 2533 aliquid
434 2456 546 2533 patriae
568 2466 650 2515 tanto
674 2455 804 2516 emetiris
826 2453 951 2515 acervo?
1160 2463 1202 2513 105

212 2542 271 2602 Uni
294 2541 434 2600 nimirum
458 2549 538 2599 recte
561 2540 613 2599 tibi
637 2558 755 2617 semper
777 2550 866 2600 erunt
887 2558 944 2612 res,

216 2628 239 2687 0
264 2643 389 2703 magnus
412 2625 534 2703 posthac
557 2625 683 2685 inimicis
706 2624 796 2685 risusl
843 2624 955 2684 Utcrne

214 2711 256 2772 hd
280 2728 365 2770 casus
388 2709 493 2770 dubios
515 2708 585 2768 fidet
607 2709 662 2769 sibi
685 2707 814 2769 certius?
837 2709 885 2769 hic
908 2709 957 2787 qui

215 2795 353 2857 Pluribus
376 2794 506 2855 adsuerit
526 2804 656 2854 mentem
680 2812 849 2874 corpusque
872 2793 1042 2873 superbum,

214 2884 259 2942 An
284 2880 334 2959 qui
358 2888 518 2940 contentus
540 2898 631 2958 parvo
654 2890 849 2958 metuensque
871 2878 963 2940 futuri
1160 2883 1203 2934 110

214 2968 247 3027 in
271 2984 352 3045 0000,
376 2975 410 3025 ut
431 2965 558 3045 sapiens,
581 2966 689 3045 aptarit
710 2966 817 3025 idonea
840 2962 939 3026 bello?
955 2998 997 3007 -

214 3053 279 3123 Quo
303 3051 394 3129 magis
416 3051 462 3111 his
483 3049 595 3124 credas,
617 3070 692 3131 puer
714 3052 795 3111 hunc
818 3069 872 3130 ego
894 3067 1001 3129 parvus
1024 3045 1151 3106 Ofellum

214 3137 340 3213 Integris
362 3136 468 3214 opibus
492 3137 559 3196 novi
582 3156 644 3197 non
667 3136 753 3197 latius
774 3155 871 3210 usum,

215 3222 309 3292 Quam
332 3240 414 3281 nunc
437 3221 547 3282 accisis.
595 3221 698 3282 Videas
721 3230 827 3282 metato
851 3222 881 3282 in
904 3220 998 3299 agello

215 3307 287 3367 Cum
310 3324 419 3384 pecore
442 3313 471 3366 01
493 3308 588 3384 gnatis
610 3309 717 3368 sortem
740 3308 875 3368 mercede
899 3308 1048 3376 colonum,
1161 3312 1202 3362 110

212 3384 290 3451 ‘Nou
313 3382 378 3469 'ego’
406 3402 576 3452 narrantem
596 3386 721 3453 ‘temere
744 3393 790 3453 edi
812 3394 879 3453 lnce
901 3394 1032 3471 profesta
1055 3384 1057 3390 ’

215 3477 380 3555 Quicquam
402 3486 519 3555 praeter
541 3478 627 3538 holus
650 3479 782 3540 fumosae
804 3498 871 3539 cum
894 3479 969 3557 pede
992 3494 1112 3554 pernae.

215 3727 235 3778 11
252 3729 500 3782 08400100110011.
517 3730 521 3791 1
537 3731 568 3780 80
579 3734 605 3779 01
615 3729 716 3779 tractari
730 3731 764 3792 (o)
779 3728 864 3778 1100111.
880 3728 884 3792 Ι
900 3727 1046 3779 9101110001
1061 3727 1065 3790 1
1082 3728 1113 3777 95
1128 3740 1202 3776 occu·

128 3799 184 3864 pet]
202 3822 235 3840 =
247 3798 297 3848 13⁰:
316 3801 425 3864 occupat
440 3797 444 3861 Ι
461 3797 610 3848 humanam:
629 3793 733 3864 01190
753 3812 797 3848 aes
813 3797 816 3862 1
832 3795 940 3846 Tranius
959 3798 985 3843 et
1002 3793 1109 3845 Tranius
1128 3798 1174 3843 ete.
1199 3790 1204 3861 Ι

132 3865 182 3918 106
200 3872 286 3916 rectae
304 3867 347 3930 (=
365 3865 411 3929 13⁰)
432 3865 478 3916 tibi
497 3871 522 3915 et
540 3865 586 3915 tibi
608 3869 677 3915 recte
701 3866 736 3929 (v)
763 3867 767 3931 Ι
797 3866 843 3917 108
867 3862 923 3914 fidit
949 3863 953 3928 Ι
981 3865 1030 3915 112
1052 3863 1124 3927 puer]
1152 3862 1202 3925 (011

127 3947 235 4000 puerum
