2656 4448
520 215 693 267 CAllllllNUbl
711 217 721 268 l
739 220 779 270 22.
799 221 838 271 23.

274 383 366 453 Quale
383 396 554 465 portentum
571 407 669 466 neque
686 389 818 449 militaris

273 468 402 531 Daunias
417 471 482 532 latis
498 472 547 531 alit
562 473 716 532 aesculetis

274 553 334 613 Nec
349 554 439 616 lubae
455 557 541 617 tellus
556 566 688 635 generat,
704 557 823 619 leonum

349 641 436 701 Arida
453 642 560 702 nutrix.
578 677 620 687 —-

273 775 354 834 Pone
370 794 416 835 me
432 777 523 855 pigris
538 776 589 837 ubi
606 776 685 837 nulla
703 778 812 856 campis

274 859 370 918 Arbor
386 862 491 921 aestiva
508 872 659 921 recreatur
674 880 752 935 aura,

273 942 358 1014 Quod
374 945 450 1006 latus
466 946 568 1006 mundi
586 947 711 1007 nebulae
728 947 878 1025 malusque

347 1029 479 1108 luppiter
494 1041 588 1108 urget,

271 1163 352 1223 Pone
368 1164 424 1224 sub
440 1184 530 1224 curru
546 1167 669 1225 nirniurn
685 1165 845 1246 propinqui

271 1248 346 1309 Solis
361 1249 392 1308 in
407 1259 485 1309 terra
501 1249 636 1309 domibus
653 1262 772 1327 negata:

270 1332 361 1393 Dulce
376 1333 523 1393 ridentem
538 1334 665 1411 Lalagen
682 1335 794 1408 amabo,

348 1418 439 1478 Dulce
455 1419 637 1496 loquentem.

602 1569 754 1578 ——--

633 1669 727 1730 ΧΧΙΙΙ

270 1785 349 1846 Vitas
365 1787 464 1847 inuleo
480 1807 526 1847 ure
542 1789 654 1860 similis,
672 1789 771 1862 Chloe,

268 1870 428 1940 Quaerenti
444 1873 575 1951 pavidam
592 1874 743 1935 montibus
759 1873 828 1934 aviis

313 1957 438 2017 Matrem
455 1976 515 2017 non
532 1958 596 2018 sine
612 1977 686 2018 vano

367 2042 512 2102 Aurarum
528 2052 556 2103 et
571 2043 663 2103 siluae
678 2053 758 2103 metu
767 2061 775 2116 ;

265 2176 336 2235 Narn
353 2195 405 2237 seu
421 2177 579 2238 mobilibus
593 2177 690 2256 vepris
705 2177 852 2237 inhorruit

266 2261 307 2320 Ad
323 2269 443 2321 venturu
460 2262 536 2323 loliis
551 2282 603 2323 seu
619 2263 726 2322 virides
742 2262 848 2324 rubum

312 2345 465 2406 Dimovere
480 2347 615 2421 lacertae,

361 2430 400 2490 Et
414 2431 503 2491 corde
519 2440 548 2491 et
562 2430 689 2510 genibus
705 2432 812 2491 trernit.

265 2564 353 2641 Atqui
369 2583 430 2624 non
447 2584 501 2643 ego
518 2574 546 2625 te
561 2567 644 2644 tigris
660 2575 692 2626 ut
707 2583 809 2643 aspera

263 2647 437 2708 Gaetulusve
453 2651 498 2709 leo
515 2651 650 2728 frangere
667 2668 844 2729 persequor:

310 2732 440 2792 Tandem
457 2734 558 2795 desine
574 2746 696 2795 matrem

360 2817 544 2896 Tempestiva
560 2822 645 2898 sequi
662 2821 732 2879 viro.

131 2966 336 2977 ——..-

217 3066 283 3118 llllll
301 3084 323 3118 o.
344 3070 444 3120 13—16
469 3084 528 3118 eum
546 3069 605 3119 H-P
623 3073 649 3118 ct
671 3067 801 3119 bleinelrio
827 3066 1004 3118 eliminandos
1025 3081 1079 3115 aare
1103 3068 1207 3119 censuit

130 3133 163 3184 Μ
177 3140 203 3184 et
219 3136 288 3186 clud.
308 3136 371 3188 Hor.
397 3152 423 3201 p.
444 3138 493 3189 695
517 3141 544 3186 et
568 3139 598 3185 in
620 3138 682 3187 adn.
704 3137 743 3187 ed.
769 3153 793 3188 u.
815 3139 880 3189 1819
904 3135 1205 3199 et1882,ipretamen

129 3218 186 3252 non
203 3205 311 3254 reclusit
328 3202 363 3265 os.
383 3204 618 3268 C.Zangemeicter
645 3207 676 3256 de
696 3206 758 3255 Hor.
781 3221 837 3256 ooc.
860 3208 929 3269 cing.
953 3220 979 3267 p.
999 3206 1070 3266 5εᾳ.;
1097 3202 1200 3270 11111

133 3271 164 3321 13
191 3270 314 3322 Martialis
340 3271 389 3322 Fr.
418 3274 566 3323 Heimcoetb
593 3273 619 3325 d.
641 3271 915 3337 Wiederlrorclcllung
942 3271 990 3321 der
1012 3270 1130 3321 Dromon
1160 3272 1205 3321 dec

128 3338 277 3406 Aeschylus
297 3339 393 3400 (Bona.
413 3342 489 3404 1861)
514 3357 540 3404 p.
561 3343 611 3392 104
621 3357 659 3408 sq.
686 3339 691 3408 Ι
720 3344 750 3393 18
768 3348 896 3392 recreetur
914 3339 1053 3408 (recreatur
1071 3344 1095 3402 c)
1114 3339 1203 3391 umbra

129 3404 198 3460 Mar.
221 3408 287 3458 Vict.
302 3422 331 3471 p.
350 3411 407 3467 151,
425 3412 442 3460 4
459 3406 505 3468 (es.
525 3407 552 3475 5)
571 3407 598 3458 Κ.

216 3474 291 3525 ΧΧ111
309 3491 333 3526 o.
353 3479 364 3525 1
389 3474 472 3538 Vitas]
490 3474 538 3542 (v):
557 3477 643 3542 uitat!
663 3479 677 3528 5
695 3477 791 3541 vepris]
813 3475 967 3539 Goguvinua
984 3473 1107 3525 elenchos
1126 3479 1203 3527 omis-

126 3557 181 3592 sor.
200 3546 229 3593 in
247 3543 311 3595 Hor.
332 3548 403 3607 poet.
427 3542 546 3610 (Sablon.
568 3546 641 3608 1651)
660 3560 716 3608 cap.
735 3542 814 3593 XXVl
833 3547 896 3592 teste
914 3543 1125 3606 Coningbami05
1143 3543 1203 3595 Sol·

127 3613 230 3661 matius
248 3613 280 3675 (o.
299 3610 412 3673 uenatu·
434 3611 538 3660 Boutt:
555 3612 623 3661 ueris
642 3612 707 3661 libri
723 3612 783 3661 vitis
801 3611 921 3661 Muretus
951 3616 955 3674 Ι
983 3611 1015 3660 ad
1032 3615 1150 3674 ventum]
1168 3627 1203 3660 erc

126 3673 258 3744 ‘antiquis
280 3678 439 3743 quibusdam
466 3672 555 3729 libris’
586 3678 707 3729 Muretus
724 3679 842 3742 (Bentl.):
863 3679 987 3730 adventus
1006 3677 1071 3728 libri
1089 3678 1121 3728 ad
1141 3693 1203 3729 ven·

127 3751 168 3799 tos
189 3746 239 3800 OK

589 3849 741 3858 ——--.
