2656 4448
532 238 703 291 crumilum
721 239 741 292 ll
759 244 784 294 6.
804 246 826 294 ’1.

268 408 319 468 1111
334 418 480 472 terrarum
495 411 566 472 mihi
581 421 697 490 praeter
714 413 811 474 omnis

269 495 402 573 Angulus
417 496 502 571 ridet,
517 496 567 556 ubi
585 516 644 558 non
663 497 800 576 Hymetto

268 578 353 639 llella
369 580 516 642 decedunt
530 581 672 660 viridique
688 591 781 642 certat

345 665 421 726 baca
437 667 575 741 Venafro,

268 782 326 843 Ver
341 783 392 844 ubi
407 786 529 864 longum
544 786 716 864 tepidasque
731 785 854 864 praebet

268 868 402 947 luppiter
416 869 536 931 brumas
551 881 580 931 et
596 871 706 931 amicus
721 871 817 931 Aulon

268 952 367 1013 Fertili
384 953 499 1014 baccho
516 955 669 1016 minimum
688 956 819 1016 Falernis

344 1038 458 1099 lnvidet
472 1040 544 1101 uvis.

268 1155 318 1217 1111
334 1167 363 1217 te
378 1175 495 1218 mecum
511 1159 593 1219 locus
609 1166 639 1218 et
653 1157 756 1218 beatae

266 1242 420 1303 Postulant
434 1261 527 1315 arces,
543 1243 584 1304 ibi
600 1253 632 1303 tu
647 1242 792 1303 calentem

267 1326 368 1386 Debita
384 1345 504 1405 sparges
519 1328 637 1388 lacrima
652 1327 776 1388 favillam

342 1411 421 1471 Vatis
437 1412 532 1471 amici.

600 1563 752 1572 ——-

650 1747 699 1807 Vll

268 1866 292 1927 0
309 1884 396 1944 saepe
412 1883 528 1926 mecum
544 1874 661 1944 tempus
676 1866 705 1926 in
724 1865 859 1926 ultimum

266 1952 398 2013 Deducte
413 1950 504 2011 Bruto
520 1950 639 2011 militiae
655 1949 739 2025 duce,

313 2036 385 2107 Quis
401 2046 430 2096 te
446 2036 599 2096 redonavit
614 2035 758 2106 Quiritem

363 2121 413 2181 Dis
428 2121 529 2199 patriis
544 2121 675 2198 Italoque
691 2121 781 2194 eaelo,

263 2240 396 2318 Pompei,
413 2257 548 2299 meorum
564 2239 658 2317 prime
674 2239 826 2313 sodalium,

266 2325 338 2386 Cum
354 2343 414 2402 quo
430 2332 592 2384 morantem
609 2343 697 2403 saepe
712 2324 788 2385 diem
805 2344 887 2387 mero

310 2408 407 2487 Fregi‚
424 2417 583 2470 coronatus
599 2409 721 2470 nitentis

363 2493 545 2554 Malobatlrro
562 2493 647 2572 Syrio
663 2492 808 2573 capillos?

264 2613 374 2672 Tecum
392 2613 544 2692 Philippos
560 2623 588 2672 et
603 2612 730 2673 celerem
746 2613 845 2692 lugam

267 2697 352 2758 Sensi
368 2698 469 2758 relicta
486 2717 545 2758 non
562 2697 640 2758 bene
655 2699 797 2776 parmula,

307 2782 380 2843 Cum
396 2784 487 2842 fracta
501 2783 593 2843 virtus
609 2791 639 2843 et
653 2783 784 2842 minaces

361 2868 462 2946 Turpe
477 2867 572 2928 solum
589 2867 713 2944 tetigere
728 2876 839 2926 mento.

262 2985 317 3046 Sed
335 3002 382 3044 me
397 3002 452 3062 per
467 2984 560 3044 bostis
575 2984 739 3044 Mercurius
756 2982 835 3044 celer

264 3071 363 3132 Denso
380 3078 537 3147 paventem
552 3069 671 3129 sustulit
686 3087 763 3141 aere,

308 3155 350 3214 Te
367 3172 469 3215 rursus
484 3154 515 3214 in
532 3152 641 3215 bellum
658 3153 818 3215 resorbens

341 3259 345 3266 ·
361 3238 446 3299 Unda
461 3239 543 3299 fretis
558 3239 625 3299 tulit
640 3239 791 3301 aestuosis.

261 3355 339 3435 Ergo
357 3357 513 3436 obligatam
529 3359 618 3419 redde
635 3359 693 3419 lovi
711 3359 815 3437 dapem

259 3441 421 3520 Longaque
437 3444 546 3504 fessum
563 3444 664 3503 militia
681 3444 755 3504 latus

302 3526 425 3606 Depone
442 3527 497 3589 sub
512 3529 597 3588 lauru
612 3547 676 3588 mea
693 3546 748 3587 nec

357 3611 449 3672 Parce
465 3613 544 3673 cadis
559 3613 612 3672 tibi
627 3612 788 3673 destinatis.
1136 3622 1163 3671 20

130 3747 333 3754 -——--.-...—...

217 3862 249 3914 Vl
267 3881 291 3918 o.
320 3868 350 3917 18
370 3865 478 3916 amictus
495 3863 531 3917 N.
544 3864 669 3914 Heinsius
692 3864 696 3929 Ι
721 3862 812 3915 fertilis
835 3861 840 3930 Ι
867 3861 971 3914 nimium
996 3861 1001 3928 Ι
1029 3862 1061 3912 22
1078 3861 1123 3912 ubi
1141 3863 1177 3928 (υ)

128 3933 162 3984 21
179 3930 268 3984 lloratl
286 3934 329 3997 (ε
348 3949 369 3985 e.
389 3931 422 3982 iv
440 3934 465 3996 6,
483 3934 525 3998 41)

963 4012 1000 4064 3*
