2656 4448
464 210 636 273 staminum
652 221 681 274 lli
700 225 740 278 21.
759 225 800 277 22.
820 227 861 278 23.

254 392 320 453 Non
343 391 400 464 ille,
416 398 592 472 quamquam
614 393 769 459 Socraticis
791 396 887 457 madet

254 477 456 551 Semonibus,
480 487 508 538 te
532 478 668 557 negleget
681 479 844 562 'horridum

300 563 441 623 Narratur
462 563 599 642 etprisci
625 562 781 633 Catonis?

351 647 445 726 Saepe
467 666 548 708 moro
572 648 695 718 caluisse
717 649 817 710 virtus.

254 765 299 825 Tu
321 766 387 826 lenc
409 773 589 827 tormentum
611 767 731 846 ingenio
754 769 889 829 admoves

253 850 430 928 Plerumque
451 851 535 924 duro,
558 859 589 912 tu
612 852 789 931 sapientium

299 935 389 995 Curas
412 945 441 994 et
462 954 601 996 arcanum
624 938 723 997 iocoso

351 1019 511 1082 Consilium
535 1022 642 1100 retegis
664 1021 770 1101 Lyaeo,

251 1136 297 1197 Tu
318 1156 401 1217 spem
423 1138 538 1200 reducis
560 1139 708 1201 mentibus
730 1141 824 1201 anxiis

252 1221 386 1301 Virisque
409 1233 438 1283 et
459 1224 539 1285 addis
562 1243 673 1285 cornua
696 1226 820 1305 pauperi

298 1307 369 1368 Post
391 1316 419 1368 te
444 1327 539 1386 neque
562 1309 651 1369 iratos
672 1311 810 1370 trementi

350 1391 462 1470 Regum
485 1394 583 1471 apices
606 1412 703 1471 neque
724 1395 849 1455 militum
871 1413 965 1455 arma:

185 1505 188 1508 ⁴
215 1570 216 1574 ,
250 1507 292 1569 Te
315 1508 404 1568 Liber
426 1518 455 1569 et
477 1510 500 1570 si
523 1510 596 1569 laeta
618 1512 711 1570 aderit
732 1512 831 1573 Venus

253 1592 426 1672 segnesque
450 1594 559 1654 nodum
582 1595 695 1657 solvere
717 1595 833 1657 Gratiae

190 1702 193 1707 ·
298 1678 443 1756 Vivaeque
464 1680 629 1758 producent
651 1680 798 1755 lucernae,

163 1777 166 1784 ·
345 1762 421 1822 Dum
443 1764 560 1825 rediens
581 1766 663 1842 lugat
684 1775 760 1826 astra
781 1765 926 1826 Phoebus.

581 1917 732 1928 ιιι-

624 2018 702 2078 XXll

250 2131 392 2194 Montium
416 2143 514 2196 custos
538 2154 761 2215 nemorumque,
784 2139 874 2218 virgo,

251 2215 332 2286 Quae
355 2218 515 2281 laborantis
537 2230 622 2281 utero
646 2223 756 2302 puellas

249 2300 307 2362 Ter
328 2312 428 2363 vocata
450 2305 531 2366 audis
554 2307 714 2385 adimisque
737 2308 805 2378 leto,

323 2388 392 2449 Diva
414 2389 564 2464 triformis

248 2504 400 2567 inminens
423 2507 504 2567 villae
526 2518 574 2567 tua
598 2509 686 2587 pinus
709 2518 782 2581 esto,

249 2588 343 2658 Quam
367 2609 420 2669 per
442 2602 559 2653 exactos
581 2611 635 2670 ego
659 2593 751 2654 laetus
773 2612 867 2654 annos

247 2673 345 2735 Verris
369 2674 520 2754 obliquum
542 2678 708 2738 meditantis
731 2679 822 2738 ictum

324 2759 474 2838 Sanguine
494 2761 611 2821 donem.

577 2912 726 2921 *-

612 3013 704 3072 lililll

248 3129 334 3190 Caelo
356 3132 478 3211 supinas
499 3133 523 3192 si
546 3131 647 3191 tuleris
670 3149 774 3191 manus

172 3250 174 3254 ν
247 3214 392 3276 Nascente
414 3217 492 3290 luna,
516 3217 622 3277 rustica
645 3216 774 3295 Phidyle,

279 3300 322 3361 ⁴Si
345 3310 411 3361 ture
432 3302 556 3381 placaris
578 3312 607 3362 et
628 3303 722 3362 horna

342 3385 439 3465 Fruge
461 3387 543 3447 Laris
566 3387 705 3465 avidaque
728 3405 825 3465 porca,

247 3502 307 3563 Nec
329 3505 514 3581 pestilentem
536 3507 643 3566 sentiet
664 3504 795 3565 Africum

245 3585 383 3648 Fecunda
405 3590 469 3650 vitis
493 3609 548 3650 nec
570 3590 699 3650 sterilem
721 3608 804 3667 seges

292 3672 467 3751 Robiginem
489 3686 539 3734 aut
562 3674 661 3734 dulces
683 3674 793 3734 alumni

217 3760 219 3764 ’
342 3758 489 3820 Pomiiero
512 3778 598 3838 grave
621 3770 737 3838 tempus
759 3778 847 3820 anno.

118 3858 323 3868 ———-

205 3890 260 3942 lilii
279 3909 302 3943 u.
324 3894 353 3943 to
372 3892 484 3959 neglegit
499 3891 504 3960 l
522 3894 552 3944 12
570 3891 706 3943 incaluisse
724 3891 792 3942 Mor.
811 3891 880 3942 Viot.
900 3889 931 3940 Vl
945 3905 973 3955 p.
994 3891 1050 3952 159,
1069 3889 1101 3939 33
1121 3887 1147 3939 K.
