2656 4448
127 223 188 283 110
560 228 688 280 deducu
708 235 731 283 5.
750 234 774 285 6.

255 400 333 461 Diris
354 418 438 478 agam
460 401 526 462 vosl
549 401 612 462 dira
635 403 788 465 detestatio

181 497 210 548 00
297 485 382 546 Nulla
405 486 539 564 expiatur
562 487 685 548 victima.

255 571 345 642 Quin,
368 570 419 630 tibi
442 572 541 651 perire
565 572 661 633 iussus
684 574 880 653 exspiravere,

300 656 471 717 Nocturnus
494 675 648 717 occurram
669 659 753 718 furor

254 742 414 819 Petamque
437 741 533 802 voltus
555 742 659 803 umbra
682 744 778 804 curvis
801 745 960 822 unguibus,

301 826 383 896 Quae
405 826 447 887 vis
469 826 592 886 deorum
616 837 659 888 est
681 828 820 900 Manium,

182 924 211 974 95
254 910 292 971 Et
314 911 454 989 inquietis
477 911 613 972 adsidens
635 914 817 992 praecordiis

304 996 413 1056 Pavore
436 1015 557 1057 somnos
580 999 725 1057 auferam:

255 1082 314 1141 Vos
337 1080 424 1142 turba
445 1082 560 1142 vicatim
584 1082 654 1144 hinc
677 1092 707 1144 et
728 1084 798 1144 hine
820 1085 895 1144 saxis
917 1095 1023 1164 petens

305 1166 474 1227 contundet
498 1167 659 1228 obscaenas
682 1187 772 1243 anus;

258 1252 328 1312 Post
350 1251 495 1330 insepulta
519 1252 649 1312 membra
672 1253 809 1315 different
830 1254 893 1333 lupi

172 1349 214 1399 100
300 1335 337 1396 Et
360 1335 529 1415 Esquilinae
551 1337 642 1408 alites,
842 1342 845 1347 ’

257 1423 360 1501 Neque
383 1423 440 1482 hoc
462 1433 610 1501 parentes,
633 1424 691 1483 heu
715 1423 784 1483 mihi
807 1424 989 1503 superstites,

305 1507 449 1586 Effugerit
470 1504 690 1586 spectaculum?

649 1862 686 1920 Vl

260 1982 337 2053 Quid
361 1982 535 2042 inmerentis
557 1982 688 2061 hospites
709 2000 796 2043 vexas
820 1983 901 2043 canis

305 2067 431 2145 ignavus
454 2067 607 2127 adversum
630 2065 738 2145 lupos?

261 2152 340 2221 Quin
364 2151 422 2211 huc
446 2151 551 2222 inanis,
575 2153 598 2212 si
621 2161 714 2231 potes,
738 2152 826 2212 vertis
847 2152 951 2222 minas

308 2236 344 2295 Et
367 2255 413 2296 me
437 2254 638 2296 remorsurum
661 2234 757 2315 petis?

202 2336 216 2382 a
259 2322 331 2382 Nam
356 2321 449 2399 qualis
471 2331 521 2382 aut
544 2321 687 2382 Molossus
709 2329 759 2381 ant
781 2322 876 2382 iuivus
899 2322 1008 2394 Lacon,

307 2408 406 2467 Amica
429 2408 471 2468 vis
495 2407 673 2486 pastoribus

260 2495 351 2570 Agam
374 2511 428 2571 per
450 2493 520 2553 altas
543 2511 613 2552 aure
635 2491 748 2552 sublata
772 2491 846 2551 nivis

309 2578 520 2655 Quaecumque
544 2577 700 2656 praecedet
721 2578 800 2648 iera;

262 2662 316 2734 Tu,
340 2681 407 2722 cum
428 2662 558 2723 timenda
580 2681 651 2722 voce
674 2661 827 2740 complesti
851 2678 963 2732 nemus,

190 2759 218 2807 10
304 2749 472 2808 Proiectum
495 2748 628 2808 odoraris
651 2747 759 2807 cibum.

263 2833 346 2904 Cave,
370 2833 452 2893 cavei
478 2851 605 2910 namque
628 2833 658 2890 in
682 2831 773 2890 maios
795 2830 976 2908 asperrimus

309 2919 411 2978 Parata
433 2918 505 2978 tollo
529 2936 650 2987 cornua,

264 3002 364 3072 Qualis
386 3003 548 3082 Lycambae
572 3011 688 3080 spretus
711 3001 801 3060 infido
825 3018 918 3078 gener

309 3088 367 3147 dut
388 3105 456 3147 acer
478 3088 570 3148 hostis
592 3087 719 3165 Bupalo:

193 3184 221 3232 15
265 3174 319 3240 dn,
343 3172 434 3250 siquis
456 3181 520 3232 atro
543 3173 630 3232 dente
653 3191 700 3231 me
723 3170 867 3250 petiverit,

290 3257 405 3317 inultus
427 3266 460 3317 ut
482 3257 559 3316 flebo
582 3255 679 3335 puer?

223 3542 246 3590 V
272 3559 297 3593 v.
324 3545 355 3594 90
381 3543 496 3604 victima,
522 3542 647 3592 Ladreiaes
665 3557 731 3592 mus.
757 3541 823 3605 phil.
849 3543 890 3603 30,
916 3542 962 3591 112
986 3538 1100 3604 (victime
1123 3539 1187 3603 ΑΚ)
1209 3539 1212 3606 Ι

141 3614 187 3665 102
207 3611 341 3676 effugerint

225 3679 257 3730 Vl
276 3695 298 3731 o.
318 3681 333 3730 2
353 3677 475 3730 aduersus
491 3679 525 3745 13
545 3683 615 3730 uerte
633 3679 670 3728 Bo
684 3679 718 3741 (o)
734 3676 738 3741 Ι
754 3679 770 3728 4
789 3682 848 3743 pete
866 3676 922 3740 [13⁰]
940 3676 976 3740 (o)
992 3675 1027 3741 15
1049 3673 1106 3724 iaco

601 3848 750 3857 ———-
