2656 4448
294 955 1030 1054 EPISTULARUM

517 1139 612 1192 LIBER
630 1138 809 1193 SECUNDUS.

660 1311 673 1371 l

212 1432 284 1494 Cum
307 1439 353 1491 tot
374 1431 520 1492 sustineas
542 1438 571 1491 et
592 1440 673 1491 tanta
697 1431 814 1511 negotia
837 1430 927 1504 solus,

211 1518 271 1579 lles
292 1514 379 1577 ltalas
402 1516 490 1576 armis
512 1516 627 1590 tuteris,
649 1515 782 1577 moribus
806 1534 904 1586 ornes,

214 1601 344 1681 Legibus
367 1601 514 1673 emendes,
538 1602 569 1662 in
593 1600 711 1680 publiea
734 1601 889 1661 commoda
911 1619 1042 1680 peccem,

212 1687 243 1747 Si
266 1687 356 1766 longo
378 1704 515 1747 sermone
538 1703 638 1747 morer
659 1697 709 1746 tua
731 1694 874 1765 tempora,
898 1686 1011 1748 Cacsar.
1034 1723 1077 1733 -

211 1772 355 1833 Romulus
379 1780 408 1832 et
429 1771 518 1832 Liber
540 1781 625 1850 pater
647 1780 766 1831 etcum
791 1773 911 1832 Castore
934 1772 1048 1844 Pollux,

212 1857 285 1918 Post
307 1855 437 1934 ingentia
461 1857 537 1916 facta
560 1858 684 1918 deorum
707 1857 737 1916 in
761 1857 869 1936 templa
892 1857 1013 1937 recepti,

215 1943 291 2004 llum
315 1950 409 2002 terras
432 1941 647 2021 hominumque
669 1942 774 2002 colunt
795 1959 899 2020 genus,
923 1960 1026 2022 aspera
1048 1942 1124 2004 bella

214 2026 416 2104 Componunt,
438 2044 525 2104 agros
547 2027 711 2104 adsignant,
736 2027 844 2106 oppida
867 2028 1010 2100 condunt,

213 2112 370 2172 Ploravere
393 2110 455 2171 suis
478 2130 539 2170 non
563 2112 746 2191 respondere
769 2113 901 2172 favorem

215 2197 372 2275 Speratum
395 2194 516 2256 meritis.
561 2196 662 2257 Dirum
685 2196 736 2274 qui
759 2196 895 2257 contudit
916 2196 1039 2277 hydram

212 2281 347 2360 Notaque
369 2280 449 2340 fatali
471 2289 609 2360 portenta
631 2280 733 2341 labore
755 2281 881 2360 subegit,

214 2366 365 2446 Comperit
386 2365 523 2426 invidiam
546 2385 687 2447 supremo
709 2368 770 2428 fine
793 2367 905 2427 domari
913 2387 921 2442 ;

214 2452 278 2512 Urit
299 2451 379 2512 enim
401 2450 516 2529 fulgore
538 2471 592 2513 suo
616 2453 667 2531 qui
690 2461 863 2531 praegravat
884 2452 956 2514 artis

212 2537 293 2597 lofra
316 2555 348 2598 sc
370 2537 489 2615 positas,
513 2538 676 2598 exstinctus
698 2536 844 2598 amabitur
866 2535 953 2598 idem.

128 2632 156 2681 15
216 2621 369 2683 Praesenti
392 2621 445 2683 tibi
469 2630 601 2683 maturos
624 2622 767 2701 largimur
788 2623 920 2684 honores

212 2705 415 2784 lurandasque
437 2715 520 2767 tuum
544 2726 598 2786 per
620 2725 731 2768 numen
755 2709 895 2787 ponimus
917 2725 991 2780 aras,

213 2792 261 2852 Nil
283 2793 430 2852 oriturum
454 2790 534 2864 alias,
559 2792 601 2852 nil
624 2801 720 2853 ortum
744 2793 801 2853 tale
823 2795 960 2854 fatentes.

215 2876 273 2937 Sed
296 2886 364 2938 tuus
386 2876 434 2937 bic
457 2877 595 2957 populns,
618 2877 737 2957 sapiens
759 2887 789 2939 et
811 2878 905 2940 iustus
928 2879 958 2938 in
983 2896 1043 2939 uno

216 2962 258 3022 'le
283 2961 394 3023 nostris
417 2960 551 3036 ducibus,
572 2970 603 3022 te
626 2962 709 3024 Grais
732 2964 934 3037 anteferenda

215 3045 317 3108 Cetera
340 3065 527 3126 nequaquam
550 3048 636 3108 simili
658 3048 773 3108 ratione
796 3048 945 3127 modoque

213 3132 357 3193 Aestimat
379 3141 417 3204 et,
441 3132 496 3192 nisi
520 3150 596 3211 qnae
617 3133 706 3194 terris
728 3142 840 3195 semota
863 3134 984 3212 suisque

214 3216 411 3296 Temporibus
433 3216 571 3278 defuncta
593 3217 681 3292 videt,
704 3218 813 3278 fastidit
834 3227 865 3278 et
886 3219 955 3291 odit,

216 3301 265 3361 Sio
287 3302 384 3361 fautor
406 3311 549 3376 veterum,
573 3311 606 3362 ut
626 3302 741 3365 tabulas
763 3322 888 3382 peccare
911 3303 1035 3364 vetantis

216 3385 296 3456 Quas
319 3385 365 3446 bis
388 3386 520 3466 quinque
543 3387 596 3447 viri
619 3397 789 3461 sanxerunt,
813 3389 932 3449 foedera
954 3405 1058 3468 regum

214 3471 268 3532 Vel
290 3470 389 3533 Gabiis
411 3472 457 3532 vel
479 3490 547 3533 oum
570 3472 671 3549 rigidis
693 3483 816 3551 aequata
839 3473 966 3547 Sabinis,

215 3556 393 3619 Pontificum
414 3556 517 3631 libros,
542 3576 653 3619 annosa
676 3559 825 3620 volumina
847 3569 945 3620 vatum

216 3642 335 3704 Dictitet
355 3643 469 3704 Albano
492 3644 590 3704 Musas
612 3643 641 3703 in
666 3654 768 3705 monte
791 3645 914 3706 locutas.
937 3679 979 3689 -

131 3761 333 3770 ——.

218 3827 269 3880 lo.
288 3829 303 3880 6
324 3829 374 3878 fata
394 3826 478 3879 Bentl.
500 3826 505 3893 1
531 3829 562 3881 16
581 3831 684 3892 numen]
697 3851 729 3870 =
742 3829 792 3879 Ba:
811 3842 904 3880 nomen
923 3827 929 3896 Ι
951 3830 981 3880 18
999 3827 1048 3878 boc
1065 3827 1101 3891 (o)
1118 3825 1205 3878 Bentl.
