2656 4448
170 222 232 282 196
523 223 754 277 EPISTULARUM
771 225 781 277 l
800 229 824 279 9.
843 228 884 278 10.

689 397 729 457 lX

254 516 422 596 Septimius,
445 513 555 587 Claudi,
580 516 718 576 nimirum
742 516 886 596 intellegit
909 534 996 587 unus,

254 602 365 675 Quanti
387 619 433 661 me
456 601 559 661 iacias:
584 620 651 661 nam
675 620 743 662 cum
765 610 851 681 rogat
873 609 902 662 et
923 620 1012 682 prece
1036 604 1126 682 cogit,

254 687 374 749 Scilicet
395 695 428 746 ut
449 685 502 746 tibi
525 704 556 746 se
578 686 698 746 laudare
721 696 751 746 et
771 686 889 748 tradere
910 705 1012 758 coner,

253 774 383 853 llignum
404 779 506 831 mente
528 772 676 850 domoque
699 771 824 851 legentis
846 772 971 833 honesta
992 771 1130 847 Neronis,

255 859 379 919 Munere
401 875 468 916 cum
491 856 576 934 fungi
599 855 748 935 propioris
771 864 872 917 censet
894 857 989 930 amici,

254 943 331 1015 Quid
353 941 463 1021 possim
486 942 564 1001 videt
585 958 619 1001 ac
643 942 724 1002 novit
745 959 792 1001 me
815 941 925 1003 valdius
947 942 1022 1021 ipso.

254 1028 346 1089 llulta
368 1025 486 1105 quidem
511 1026 579 1099 diri,
604 1044 657 1086 our
680 1034 836 1087 excusatus
858 1026 980 1101 abirem,

255 1113 312 1174 Sed
334 1112 428 1185 timui,
451 1128 515 1170 mea
538 1130 577 1171 ne
598 1111 719 1172 finxisse
742 1112 856 1172 minora
879 1121 1010 1191 putarer,

254 1197 459 1260 Dissimulator
481 1195 546 1274 opis
568 1197 716 1275 propriae,
740 1197 811 1256 milri
834 1197 1007 1258 commodus
1030 1197 1092 1258 uni.

256 1283 305 1344 Sic
328 1301 393 1361 ego,
415 1281 536 1342 maioris
557 1281 675 1359 lugiens
698 1281 858 1361 opprobria
881 1282 995 1362 culpae,

255 1368 375 1428 Frontis
398 1367 434 1427 ad
456 1364 586 1427 urbanae
610 1366 748 1427 descendi
771 1367 911 1445 praemia.
956 1366 1068 1437 Quodsi

255 1452 427 1531 depositum
449 1451 550 1512 laudas
573 1451 611 1512 ob
634 1452 718 1511 amici
741 1452 819 1513 iussa
842 1453 996 1532 pudorem,

256 1537 359 1599 Scribe
381 1537 424 1598 tui
447 1537 544 1616 gregis
567 1538 648 1597 hunc
670 1547 699 1596 et
721 1537 828 1597 fortem
852 1538 939 1597 crede
960 1537 1143 1615 bonumque.

692 1805 719 1868 X

255 1926 343 1987 Urbis
364 1933 525 1985 amatorem
548 1924 675 1986 Fuscum
698 1925 810 1985 salvere
832 1924 969 1985 iubemus

258 2011 345 2071 Ruris
368 2018 523 2069 amatores.
569 2010 629 2070 Hac
653 2010 682 2070 in
707 2028 739 2069 re
761 2010 873 2070 scilicet
896 2028 955 2069 una

256 2094 381 2155 llultum
404 2093 568 2167 dissimiles,
591 2104 620 2154 at
641 2105 738 2154 cetera
762 2113 856 2172 paene
879 2094 996 2174 gemelli

254 2179 405 2240 Fraternis
426 2178 531 2238 animis
553 2212 570 2222 -
593 2179 735 2258 quidquid
760 2190 847 2256 negat
869 2179 951 2252 alter,
975 2187 1004 2239 et
1025 2179 1100 2240 alter
1122 2213 1136 2226 ·

255 2263 420 2325 Adnuimus
443 2264 554 2342 pariter
575 2264 665 2324 vetuli
689 2265 812 2342 notique
835 2263 974 2325 columbi.

256 2350 300 2410 Tu
323 2348 426 2410 nidum
448 2367 554 2423 servas,
578 2367 633 2428 ego
656 2349 742 2410 laudo
765 2350 843 2410 ruris
866 2349 983 2409 amoeni

255 2435 343 2495 llivos
365 2443 395 2494 et
416 2453 518 2495 musco
541 2434 705 2496 circumlita
727 2453 794 2495 saxa
817 2452 991 2512 nemusque.

256 2519 333 2590 Quid
356 2517 495 2598 quaeris?
516 2519 581 2581 vivo
605 2530 635 2580 et
656 2539 760 2599 regno,
784 2520 872 2580 simul
894 2520 949 2580 ista
972 2519 1088 2597 reliqui,

256 2606 339 2674 Quae
361 2623 412 2666 vos
434 2605 470 2664 ad
492 2605 605 2665 caelum
629 2606 738 2666 ellertis
760 2623 881 2666 rumore
903 2605 1048 2676 secundo,

256 2689 352 2768 thue
375 2689 535 2750 sacerdotis
556 2691 696 2769 fugitivus
716 2689 773 2750 liba
797 2708 913 2763 recuso,

256 2774 336 2834 Pane
360 2793 432 2853 egeo
454 2775 511 2834 iam
534 2775 652 2836 mellitis
674 2775 790 2854 potiore
813 2775 966 2854 placentis.
989 2807 1031 2818 —

256 2859 360 2920 Vivere
383 2867 505 2920 naturae
528 2861 552 2921 si
575 2861 787 2921 convenienter
811 2868 938 2939 oportet,

255 2945 459 3024 Ponendaque
481 2945 569 3006 domo
592 2947 760 3024 quaerenda
784 2955 828 3006 est
850 2963 917 3005 area
940 2944 1077 3024 primum,

255 3029 405 3091 Novistine
427 3029 525 3090 locum
548 3032 694 3110 potiorem
716 3049 785 3091 rure
807 3028 916 3091 beato?

256 3115 308 3176 Est
329 3115 381 3175 ubi
403 3116 469 3194 plus
490 3125 611 3195 tepeant
633 3117 753 3188 hiemes,
776 3115 826 3176 ubi
849 3116 960 3194 gratior
982 3133 1051 3175 aura

255 3198 360 3260 Leniat
382 3208 411 3260 et
432 3198 543 3260 rabiem
567 3201 654 3262 Canis
676 3211 706 3262 et
727 3209 876 3261 momenta
899 3200 1018 3271 Leonis,

257 3284 330 3345 Cum
352 3285 443 3345 semel
464 3287 578 3365 accepit
600 3287 697 3347 Solem
720 3285 898 3346 luribundus
921 3282 1061 3346 acutum?

256 3369 309 3430 Est
331 3369 382 3429 ubi
405 3369 521 3430 divellat
543 3390 665 3432 somnos
686 3371 786 3431 minus
809 3370 907 3430 invida
930 3367 1024 3430 cura?

255 3455 391 3515 Deterius
414 3453 531 3534 Libycis
554 3456 614 3516 olet
636 3465 686 3516 aut
707 3455 781 3516 nitet
803 3455 893 3516 berba
916 3451 1045 3535 lapillis?

256 3637 279 3688 X
296 3655 320 3689 v.
340 3640 355 3689 2
374 3641 509 3701 amatores,
527 3637 575 3689 hac
593 3638 629 3689 al.
653 3637 658 3704 Ι
682 3639 697 3689 3
715 3641 751 3702 et]
769 3638 806 3689 B⁰
823 3641 873 3703 lul:
892 3638 923 3691 ed
947 3637 952 3706 Ι
976 3643 993 3691 4
1011 3636 1245 3705 quidquid-alter]

166 3708 341 3772 parenthesin
360 3722 413 3756 essa
438 3707 528 3756 docuit
544 3706 594 3757 All
618 3706 622 3771 Ι
650 3710 714 3772 aeq.
736 3707 838 3773 pariter,
866 3706 1109 3771 vetuli-columbi,
1135 3709 1162 3759 lu
1181 3705 1244 3772 all

171 3777 187 3826 9
205 3773 311 3840 effertis]
330 3774 368 3825 B⁰
386 3775 434 3839 tvl:
461 3774 532 3825 lentis
548 3775 552 3840 Ι
569 3776 601 3828 13
619 3774 798 3842 ponendaque]
816 3776 851 3826 150
862 3778 896 3839 (v)
915 3775 947 3826 H.
965 3775 1072 3840 Sauppe
1090 3775 1185 3826 Pbilol.
1206 3776 1246 3837 19,
1315 3816 1318 3822 .

171 3843 219 3894 253
231 3859 299 3908 sqq:
318 3842 452 3907 ponendae
471 3857 503 3893 ue
519 3843 724 3911 {ponendaeque
741 3845 817 3896 domu
835 3844 910 3895 Aean.
928 3841 1066 3893 Baehrens
1080 3842 1139 3894 Vol.
1152 3842 1246 3896 Flaae.

169 3926 195 3976 p.
215 3909 305 3961 XXXII
321 3912 325 3977 1
343 3911 373 3963 18
393 3859 506 3977 depedlal
