2656 4448
472 980 866 1080 EPODON

619 1181 720 1233 llBER.

665 1351 676 1410 l
761 1397 767 1409 .

262 1467 320 1528 lbis
343 1467 484 1528 Liburnis
506 1468 584 1528 inter
606 1468 661 1527 alta
684 1470 810 1540 navium,

308 1552 418 1626 Amice,
440 1553 672 1631 propugnacula,

260 1637 383 1698 Paratus
406 1655 494 1696 omne
517 1636 646 1699 Caesaris
669 1638 832 1718 periculum

307 1723 423 1792 subire,
446 1722 608 1796 Maecenas,
631 1735 697 1784 tue:

260 1806 336 1877 Quid
361 1826 424 1881 nos,
449 1808 556 1885 quibus
578 1817 607 1868 te
629 1810 686 1869 vita
710 1809 735 1869 si
758 1810 916 1889 superstite

306 1892 447 1965 Iucunda,
470 1892 494 1953 si
516 1902 628 1967 centra,
651 1891 767 1973 gravis?

259 1979 404 2039 Utrumne
426 1977 497 2038 iussi
519 1997 733 2057 persequemur
755 1980 856 2051 otium,

181 2061 185 2069 ’
306 2062 372 2123 Non
395 2062 489 2135 dulce,
512 2063 543 2123 ui
565 2071 660 2123 tecum
683 2063 779 2135 simul,

259 2150 304 2207 An
328 2148 408 2208 hune
430 2147 560 2208 laborem
583 2157 684 2208 mente
705 2148 793 2208 laturi
816 2149 900 2210 decet

305 2232 367 2302 Qua
391 2233 468 2292 serre
493 2251 552 2292 nun
577 2234 673 2293 mellis
695 2234 773 2293 viros

258 2317 409 2390 Feremus,
432 2325 461 2376 et
483 2326 511 2376 te
534 2318 578 2377 vel
601 2337 656 2396 per
677 2317 795 2396 Alpium
819 2319 884 2397 iuga

304 2401 514 2480 inhospitalem
537 2412 565 2461 et
588 2402 757 2475 Caucasum,

257 2485 309 2546 Vel
333 2486 501 2547 Occidentis
523 2505 617 2565 usque
639 2487 673 2546 ad
697 2487 830 2547 ultimum
854 2488 951 2549 sinum

303 2570 384 2631 Furti
407 2590 564 2649 sequemur
586 2569 728 2650 pectore?
751 2607 792 2616 —

257 2655 363 2733 Reges,
385 2665 469 2715 tuum
491 2655 591 2717 labere
615 2658 684 2735 quid
708 2657 803 2717 iuvem
826 2675 892 2717 meu

303 2739 424 2800 lnbellis
446 2759 479 2799 ac
502 2742 604 2801 lirrnus
625 2739 752 2820 parum?

258 2824 362 2885 Comes
384 2825 500 2885 minure
523 2845 586 2886 sum
610 2828 727 2885 luturus
750 2826 779 2885 in
803 2832 893 2900 metu,

304 2910 361 2981 Qui
384 2911 477 2970 maier
498 2911 627 2971 absentis
650 2910 746 2983 habet,

257 2993 296 3054 Ut
318 2995 455 3056 adsidens
477 2995 668 3074 implumibus
690 2995 778 3074 pullis
800 2994 859 3054 avis
965 3005 967 3010 '

304 3081 491 3160 Serpentium
513 3080 649 3160 adlapsus
672 3081 755 3140 timet

256 3163 348 3244 Magis
370 3166 488 3237 relictis,
514 3185 573 3225 non
597 3176 630 3225 ut
652 3166 725 3225 adsit
747 3165 834 3224 auxili

302 3249 410 3311 Latura
432 3252 499 3329 plus
521 3251 736 3329 praesentibus.

257 3333 400 3395 Libenter
421 3337 477 3396 hec
501 3346 529 3396 et
551 3355 639 3397 omne
662 3335 834 3396 militabitur

303 3420 415 3481 Bellum
438 3421 468 3480 in
492 3430 559 3481 tuae
582 3441 662 3500 spem
687 3421 806 3499 gratiae,

213 3585 264 3637 lv.
284 3590 298 3638 5
317 3587 350 3639 sit
369 3588 469 3639 Veneta
487 3591 612 3654 princeps
631 3592 664 3650 [α.
685 3589 759 3650 1418]
779 3592 841 3637 teate
859 3586 991 3644 Bentleiu;
1011 3584 1068 3633 vide·
1084 3587 1114 3634 in
1134 3585 1199 3635 Vera.

127 3654 290 3706 Ferliuiauu
320 3672 344 3706 α.
374 3658 438 3708 1483
455 3655 459 3720 Ι
475 3657 506 3705 de
532 3673 557 3708 v.
585 3660 660 3720 lsqq.
681 3655 876 3720 distinguendis
901 3670 925 3703 υ.
952 3651 1027 3712 AK2;
1047 3652 1082 3702 al.
1104 3650 1130 3702 V
1139 3652 1197 3703 ind.

127 3721 217 3773 Berol.
236 3727 300 3775 aest.
320 3740 345 3773 a.
364 3724 430 3776 1886
444 3740 473 3789 p.
492 3723 528 3790 91
552 3728 583 3775 tu
602 3738 677 3788 quem
693 3724 697 3788 Ι
715 3726 744 3775 15
763 3723 860 3784 labere]
881 3721 1039 3772 Glareanus:
1058 3719 1172 3770 laborem
1192 3718 1198 3786 1

130 3793 160 3844 11
181 3790 227 3841 sim
246 3789 281 3842 Ν.
302 3792 425 3840 Heinsius
447 3792 573 3856 (8071th
591 3793 619 3842 21
640 3790 676 3841 uti
696 3791 728 3841 sit
746 3790 924 3854 (c)=B¹m¹⁴⁸;
943 3787 1028 3839 Bentl.
1046 3791 1074 3837 ut
1092 3786 1125 3838 sit
1143 3789 1199 3853 (υ)1

128 3858 217 3920 auxili]
235 3860 284 3922 (u):
302 3859 390 3910 auxilii
