2656 4448
508 257 738 312 EPISTULARUM
756 261 775 313 ll
795 264 817 313 1.
1137 254 1199 312 213

213 431 253 506 Si,
277 431 344 509 quia
367 430 521 492 Graiorum
544 442 615 493 sunt
636 433 838 511 antiquissima
861 450 996 511 quaeque

213 515 327 596 Scripta
349 516 394 576 rel
417 517 538 595 optima,
561 517 687 577 Romani
709 528 873 596 pensantur
895 517 995 577 eadem

214 601 379 680 Scriptores
401 601 523 676 trutina,
548 621 608 662 nun
632 603 777 680 estquod
801 602 891 663 multa
913 602 1085 681 loquamur:
1171 610 1201 660 ao

213 684 261 746 Nil
282 687 359 747 intra
382 694 427 748 cst
449 687 521 760 olea,
545 687 587 748 nil
610 696 691 748 extra
715 697 760 749 est
781 688 812 748 in
835 705 912 749 nuce
934 686 1011 759 duri,

212 771 353 832 Venimus
376 771 412 831 ad
434 790 584 833 summum
606 774 754 846 fortunae,
777 773 926 853 pingimus
949 781 1037 850 atque

212 856 368 917 Psallimus
391 865 420 916 et
441 857 588 918 luctamur
610 858 727 918 Achivis
750 858 865 919 doctius
888 859 995 919 unctis.

213 941 243 1002 st
266 942 386 1002 meliora
409 942 480 1015 dies,
503 943 633 1016 utrina,
656 952 791 1022 poemata
813 943 918 1017 reddit,

214 1025 297 1087 Scire
319 1027 414 1100 velim,
438 1027 547 1088 chartis
568 1028 697 1106 pretium
721 1038 830 1106 quotus
852 1028 975 1107 adroget
996 1044 1103 1090 annus.
1171 1034 1201 1085 35

212 1111 346 1189 Scriptor
368 1111 476 1173 abhinc
498 1131 594 1174 annos
616 1123 737 1174 centum
760 1114 810 1192 qui
833 1113 951 1185 decidit,
975 1113 1053 1174 inter

211 1195 362 1257 Perfectus
385 1205 557 1276 veteresque
579 1198 682 1258 relerri
706 1198 795 1259 dehet
816 1216 852 1259 an
876 1199 955 1260 inter

212 1280 282 1341 Vilis
304 1290 392 1360 atque
416 1280 527 1343 novos⁹
551 1282 713 1343 excludat
706 1284 800 1361 iurgia
823 1283 899 1345 finis.

209 1358 276 1426 ‘Est
297 1375 381 1427 vetus
402 1376 491 1445 atque
513 1368 636 1447 probuS,
659 1376 779 1428 centurn
803 1369 853 1446 qui
875 1368 992 1448 perlicit
1013 1384 1118 1427 annos.

211 1449 298 1524 Quid,
322 1451 372 1530 qui
395 1452 520 1531 deperiit
541 1452 642 1512 minor
663 1471 723 1512 uno
746 1471 849 1513 mense
870 1454 915 1513 vel
938 1449 1039 1513 annul

178 1569 184 1576 -
211 1534 293 1596 lnter
316 1555 391 1615 quos
414 1536 588 1598 referendus
611 1535 688 1598 erit?
710 1548 864 1599 veteresne
887 1548 999 1617 poetas,

210 1621 254 1681 dn
281 1640 355 1699 quos
377 1629 407 1682 et
428 1640 570 1701 praesens
593 1631 622 1682 et
644 1630 763 1701 postera
786 1631 907 1702 respuat
927 1617 1027 1682 aetas?

207 1698 279 1766 ‘lste
303 1706 421 1784 quidem
446 1715 561 1767 veteres
583 1707 662 1768 inter
684 1717 815 1786 ponetur
836 1708 969 1805 honeste,

210 1791 271 1862 Qui
293 1792 338 1852 vel
361 1809 464 1852 mense
487 1790 569 1852 hreri
593 1792 636 1852 vel
658 1801 722 1853 toto
745 1802 789 1853 est
810 1793 909 1853 iunior
930 1781 1027 1853 anno'

209 1876 283 1936 Utor
306 1876 461 1956 permissu,
484 1878 652 1956 caudaeque
675 1878 808 1956 pilosut
830 1878 956 1957 equinae

210 1960 361 2022 Paullatim
384 1961 468 2029 vello,
493 1971 522 2021 et
544 1962 630 2023 demo
652 1981 756 2037 unum,
780 1964 866 2024 demo
889 1963 975 2024 etiam
997 1978 1100 2032 unum,

209 2047 285 2107 llum
308 2047 391 2107 cadat
414 2047 513 2109 elusus
536 2048 651 2109 ratione
674 2049 789 2110 ruentis
811 2048 906 2109 acervi

210 2129 268 2201 uui
291 2130 368 2192 redit
390 2132 420 2191 in
444 2134 537 2194 fastus
560 2142 589 2194 et
612 2134 748 2194 virtutem
772 2135 906 2196 aestimat
927 2132 1013 2194 annis

211 2215 393 2294 Miraturque
417 2217 500 2291 nihil,
524 2218 581 2280 nisi
604 2219 684 2298 quod
707 2219 835 2281 Libitina
857 2220 990 2281 sacravit.
1013 2250 1054 2260 -

211 2299 338 2372 Ennius
362 2311 392 2361 et
413 2303 532 2380 sapiens
555 2313 584 2363 et
606 2305 692 2365 sortis
715 2314 745 2366 et
767 2306 840 2366 altor
863 2305 1020 2374 Homerus,

212 2385 250 2446 Ut
272 2386 365 2446 critici
388 2384 501 2458 dicunt,
523 2386 626 2448 leviter
649 2407 753 2448 curare
775 2391 899 2461 videtur,

213 2471 279 2540 Quo
302 2470 447 2550 promissa
471 2471 578 2531 cadant
600 2480 629 2531 et
650 2474 765 2533 somnia
788 2473 986 2553 Pythagorea;

212 2555 336 2618 Naevius
359 2555 389 2615 in
414 2554 551 2616 manibus
575 2574 636 2616 non
661 2566 705 2617 est
727 2567 756 2618 et
778 2557 927 2619 mentibus
949 2557 1050 2616 haeret

214 2639 312 2701 Paene
336 2637 464 2701 recens?
486 2641 559 2701 adeo
583 2650 717 2702 sanctum
741 2653 786 2704 est
807 2651 890 2703 vetus
912 2659 1001 2702 omne
1022 2654 1137 2718 poema.

213 2724 380 2805 Ambigitur
403 2725 550 2803 quotiens,
573 2735 640 2787 uter
661 2736 729 2788 utro
752 2729 790 2789 sit
812 2727 904 2806 prior,
926 2727 1022 2786 aufert
1173 2730 1203 2779 ⁶5

216 2810 359 2872 Pacuvius
382 2810 461 2876 docti
484 2811 591 2871 samam
614 2812 702 2886 senis,
725 2813 831 2874 Accius
853 2813 914 2884 alti,

213 2895 327 2956 Dicitur
349 2896 451 2957 Afrani
472 2904 540 2975 toga
563 2898 739 2959 convenisse
761 2897 935 2969 Menandro,

215 2979 334 3041 Plautus
357 2982 393 3042 ad
415 2982 565 3061 exemplar
587 2982 678 3043 Siculi
700 3001 861 3063 properare
884 2979 1064 3061 Epicharmi,

215 3064 340 3125 Vincere
364 3066 508 3127 Caecilius
530 3068 680 3146 gravitate,
702 3068 860 3129 Terentius
883 3075 955 3129 arte.

216 3149 277 3210 llos
300 3150 403 3212 ediscit
425 3162 455 3211 et
476 3152 531 3212 hos
552 3164 616 3213 arto
639 3153 744 3232 stipata
766 3154 881 3214 theatro
1174 3157 1204 3207 60

218 3235 337 3315 Spectat
358 3235 451 3296 Roma
474 3245 591 3315 potens,
613 3237 703 3299 habet
724 3239 777 3299 hos
800 3246 995 3317 numeratque
1017 3244 1119 3315 poetas

215 3319 258 3379 Ad
283 3331 418 3381 nostrum
442 3330 559 3401 tempus
581 3323 643 3383 Livi
666 3324 820 3402 scriptoris
842 3322 879 3384 ah
903 3341 983 3384 aevo.

130 3453 332 3464 ———

216 3537 269 3588 lo.
288 3539 317 3589 31
339 3539 407 3601 olea]
426 3539 462 3603 (o)
480 3537 580 3589 Boutta
599 3539 682 3591 oleam
705 3539 711 3610 Ι
736 3541 811 3593 duri?
829 3547 895 3591 oto.
915 3542 947 3594 33
965 3539 1068 3591 unctis?
1085 3536 1204 3588 Doeder-

130 3604 227 3655 leinius
244 3606 335 3670 (1835,
354 3606 442 3657 Redeo
460 3607 517 3656 und
533 3604 667 3667 Aufadtzo
684 3608 705 3659 ll
724 3611 840 3675 23daq.
860 3608 896 3669 cf.
915 3609 978 3661 adn.
997 3607 1049 3667 ed.)
1076 3604 1080 3672 Ι
1107 3608 1138 3658 at
1159 3616 1204 3654 ue·

130 3677 231 3725 tenesne
257 3673 262 3739 Ι
290 3675 323 3727 38
342 3673 462 3726 excludet
479 3676 515 3738 (o)
534 3675 647 3726 excludit
664 3676 699 3739 (o)
727 3677 731 3743 Ι
756 3680 788 3730 tu
799 3626 1031 3741 interrogationis
1047 3676 1155 3739 nquam
1173 3674 1203 3720 in

128 3741 183 3804 fine
201 3757 292 3793 vorsus
305 3745 424 3808 positum
449 3757 509 3793 cum
527 3743 710 3809 Petschenigio
735 3751 846 3796 auctora
863 3746 895 3797 H.
914 3745 935 3795 I.
954 3742 1082 3795 Muellero
1100 3745 1126 3791 ot
1142 3754 1203 3790 cnm

132 3809 161 3861 G
189 3808 337 3890 Kruogero.
365 3809 449 3871 Quid?
476 3810 560 3876 qui..
573 3826 669 3875 .,anno
696 3813 701 3877 Ι
728 3815 761 3865 42
784 3811 898 3880 respuat]
922 3835 955 3855 =
978 3813 1028 3863 13⁰:
1047 3808 1203 3875 respectio)

129 3877 231 3995 qespuit
248 3880 283 3945 (o)
298 3877 303 3946 Ι
319 3880 351 3930 46
371 3883 397 3930 et
414 3881 475 3930 item
492 3879 496 3945 Ι
512 3882 543 3931 ot
564 3880 639 3931 cadet
656 3881 691 3944 (o)
713 3881 766 3946 148
784 3881 817 3932 ad
837 3882 842 3948 Ι
862 3881 952 3942 fastus]
972 3879 1006 3941 cf.
1025 3893 1047 3930 c.
1065 3879 1094 3930 lll
1115 3882 1153 3942 17,
1172 3879 1202 3928 4:

141 3948 180 3996 ast
181 3959 210 3995 os
