2656 4448
522 223 712 276 SATIRARUM
729 225 749 276 ll
769 229 790 278 t.

203 392 306 455 Castor
327 398 434 474 gaudet
457 396 550 473 equis,
574 415 628 457 ovo
651 406 815 475 prognatus
838 398 942 458 eodem

202 480 329 557 Pugnis;
353 490 426 560 quot
447 481 574 561 capitum
598 482 708 549 vivunt,
731 482 853 542 totidem
875 483 1040 544 studiorum

201 565 295 625 lllilia:
319 583 365 626 me
388 565 514 645 pedibus
536 567 661 627 delectat
684 567 819 627 claudere
842 568 930 628 verba

202 651 296 711 Lucili
319 651 387 725 ritu,
411 661 545 713 nostrum
569 652 700 712 melioris
723 661 860 730 utroque.

203 735 254 796 llle
275 737 356 796 velut
377 737 442 797 fidis
465 755 570 796 arcana
593 736 742 798 sodalibus
765 737 833 797 olim
1161 749 1191 800 tto

203 819 347 881 Credebat
370 820 461 895 libris,
485 840 583 900 neque
605 822 629 882 si
654 822 727 883 male
751 833 878 884 cesserat
898 841 1023 901 usquam

202 905 371 966 Decurrens
394 907 460 980 alio,
484 925 582 984 neque
603 908 626 967 si
650 907 742 967 bene:
767 927 826 986 quo
848 909 890 980 fit,
915 919 948 968 ut
970 907 1066 969 omnis

203 989 304 1051 Votiva
327 1001 426 1070 pateat
448 991 536 1052 veluti
559 992 706 1071 descripta
728 993 833 1053 tabella

202 1076 267 1135 Vita
290 1076 378 1137 senis.
424 1076 541 1155 Sequor
563 1077 653 1150 hunc,
678 1078 815 1139 Lucanus
837 1096 872 1138 an
898 1078 1020 1157 Apulus,
1043 1097 1167 1159 anceps;

203 1161 277 1221 Nam
299 1160 469 1223 Venusinus
492 1171 555 1221 arat
576 1162 665 1222 finem
688 1162 743 1223 sub
766 1172 926 1241 utrumque
949 1163 1084 1238 colonus,
1161 1174 1191 1224 tto

203 1244 309 1307 Missus
331 1247 367 1306 ad
389 1248 446 1306 hoc
469 1246 571 1325 pulsis,
595 1257 677 1308 vetus
700 1257 744 1308 est
765 1257 798 1308 ut
821 1250 906 1321 lama,
931 1248 1063 1319 Sabellis,

203 1329 269 1399 Quo
293 1350 331 1392 ne
353 1349 408 1410 per
431 1349 554 1392 vacuum
577 1332 710 1393 Romano
733 1333 901 1394 incurreret
922 1334 1024 1406 bostis,

205 1416 271 1476 Sive
294 1417 372 1494 quod
396 1418 490 1497 Apula
513 1435 587 1496 gens
608 1436 660 1477 seu
685 1418 764 1495 quod
786 1418 916 1479 Lucania
940 1418 1048 1479 bellum

205 1501 357 1562 incuteret
378 1501 515 1562 violenta.
561 1501 618 1562 Sed
642 1503 689 1562 hic
712 1503 795 1563 stilus
818 1504 895 1563 haud
918 1512 999 1581 petet
1022 1504 1098 1565 ultro

206 1585 390 1664 Quemquam
414 1587 592 1648 animantem
615 1597 644 1647 et
665 1607 712 1648 me
735 1588 824 1648 veluti
847 1589 992 1649 custodiet
1014 1589 1093 1650 ensis
1163 1599 1193 1648 to

113 1667 116 1672 ’
206 1671 316 1751 Vagina
338 1681 452 1745 tectus;
478 1690 565 1751 quem
589 1691 643 1733 cur
665 1672 850 1751 destringere
873 1691 966 1733 coner

205 1756 299 1818 Tutus
321 1757 358 1817 ab
381 1757 496 1818 infestis
519 1755 705 1818 latronibus?
751 1757 774 1818 0
799 1768 882 1838 pater
905 1768 935 1818 et
957 1776 1010 1818 rex

205 1841 347 1921 luppiter,
370 1852 403 1903 ut
424 1851 526 1922 pereat
549 1843 678 1921 positum
702 1842 840 1923 robigine
862 1843 953 1904 telum

204 1927 267 1988 Nec
289 1928 444 2005 quisquam
467 1941 575 1989 noceat
597 1929 705 2008 cupido
727 1929 799 1989 mihi
823 1928 919 2008 pacisl
944 1937 973 1989 at
995 1926 1053 2000 ille,

206 2012 264 2083 Qui
286 2030 333 2071 me
357 2015 514 2074 commorit
540 2052 553 2061 -
575 2014 679 2075 melius
702 2033 763 2074 non
787 2024 908 2092 tangere
931 2015 1024 2074 clamo
1047 2045 1071 2087 -‚
1163 2021 1193 2072 to

206 2096 301 2158 Flebit
323 2107 353 2157 et
375 2099 501 2179 insignis
524 2108 584 2161 tota
608 2099 776 2160 cantabitur
798 2101 882 2159 urbe.
905 2135 946 2144 -

206 2182 326 2243 Cervius
348 2183 439 2245 iratus
461 2185 540 2264 leges
562 2185 715 2245 minitatur
738 2195 767 2247 et
788 2204 904 2258 urnam,

208 2266 327 2328 Canidia
349 2268 454 2330 Albuci
477 2271 585 2348 quibus
608 2281 653 2331 est
674 2271 792 2330 inimica
813 2288 972 2343 venenum,

208 2352 325 2413 Grande
347 2354 455 2414 malum
479 2356 596 2426 Turius,
619 2355 715 2432 siquid
738 2373 770 2415 sc
793 2354 889 2414 iudice
912 2363 1022 2414 certes:

207 2437 245 2497 Ut
268 2456 327 2517 quo
350 2439 474 2516 quisque
496 2440 571 2499 valet
592 2447 745 2517 suspectos
768 2448 877 2498 terreat
899 2447 990 2515 utque
1164 2448 1193 2499 50

207 2521 336 2601 Imperet
357 2523 415 2582 hoc
439 2533 543 2583 natura
566 2531 683 2601 potens,
706 2523 748 2582 sic
770 2523 875 2600 collige
899 2540 1023 2582 mecum.

208 2608 302 2667 llente
325 2607 422 2686 lupus,
446 2626 541 2668 cornu
563 2617 665 2668 taurus
687 2607 775 2686 petit:
800 2607 889 2679 unde,
913 2607 969 2666 nisi
993 2607 1072 2668 intus

207 2690 425 2752 Monstratum?
470 2693 594 2753 Scaevae
615 2692 741 2752 vivacem
766 2693 852 2752 crede
876 2691 978 2769 nepoti

209 2777 348 2850 Matrem3
372 2777 413 2837 nil
434 2778 521 2838 faciet
543 2778 663 2838 sceleris
685 2777 733 2855 pia
756 2778 873 2837 dextera
896 2809 909 2820 ·
933 2776 1050 2849 mirum,

209 2862 247 2923 Ut
261 2880 359 2939 neque
372 2864 451 2923 calce
466 2863 555 2942 lupus
567 2881 745 2942 quemquam
759 2881 856 2941 neque
869 2864 957 2923 dente
969 2861 1042 2940 petit
1054 2861 1108 2922 bos
1120 2893 1143 2934 ·‚
1165 2869 1194 2920 tc

209 2947 266 3008 Sed
288 2948 362 3008 mala
384 2948 467 3008 tollet
489 2966 579 3008 anum
601 2948 698 3008 vitiato
722 2948 808 3007 melle
831 2948 935 3009 cicuta.

208 3033 251 3092 Ne
273 3033 395 3112 longum
418 3034 537 3093 faciam:
560 3052 611 3093 seu
635 3051 681 3094 me
705 3033 861 3110 tranquilla
883 3040 1021 3094 senectus

208 3116 366 3197 Exspectat
387 3137 439 3179 seu
462 3137 542 3179 mors
564 3119 635 3179 atris
657 3118 848 3178 circumvolat
869 3118 930 3191 alis,

209 3203 302 3274 Dives,
326 3204 423 3283 inops,
445 3205 555 3264 Romae
579 3222 631 3264 seu
654 3203 775 3264 forsita
799 3203 917 3264 iusserit
939 3201 1029 3276 exsul,

210 3286 352 3367 Quisquis
376 3290 432 3349 erit
455 3290 529 3349 vitae
552 3288 680 3350 scribam
703 3279 801 3350 colon'
839 3281 877 3350 Ὃ
901 3306 984 3367 puer,
1008 3296 1041 3347 ut
1063 3286 1102 3348 sis
1165 3295 1195 3345 ob

209 3372 309 3434 Vitalis
332 3383 432 3434 metuo
455 3384 484 3435 et
508 3375 649 3434 maiorum
674 3374 780 3452 nequis
802 3375 913 3434 amicus

210 3458 333 3537 Frigore
356 3468 384 3518 te
407 3449 508 3519 leniat.²
544 3453 659 3530 ‘Quid‘l
682 3477 747 3519 cum
772 3469 816 3520 est
838 3458 968 3518 Lucilius
990 3476 1078 3518 ausus

211 3543 328 3603 Primus
350 3544 379 3603 in
404 3544 485 3604 hunc
508 3545 606 3622 operis
630 3563 810 3623 componere
834 3544 963 3604 carmina
986 3559 1109 3615 morem,

211 3628 371 3689 Detrahere
395 3637 424 3689 et
446 3629 562 3707 pellem,
587 3628 697 3689 nitidus
720 3648 776 3707 qua
800 3629 925 3707 quisque
947 3644 1074 3707 perora

124 3761 327 3772 -ξ-

211 3845 261 3898 Ιυ.
285 3847 314 3897 at
343 3843 463 3912 cesserat]
490 3847 535 3909 (o):
563 3851 677 3911 gesserat
703 3846 707 3909 l
734 3847 935 3913 nmts.un)quam
964 3846 998 3908 (o)
1024 3845 1028 3907 Ι
1056 3847 1088 3896 49
1115 3843 1196 3911 siquis

126 3916 156 3978 (e.
176 3913 197 3963 si
217 3913 504 3980 quis)...certet155
523 3918 594 3978 petat
611 3915 714 3980 (otldd
733 3914 799 3966 male
